3024 4870
707 363 749 430 15

166 527 251 617 oure
292 535 376 603 enim
417 524 549 618 eogiad
594 539 700 619 potest
742 523 810 599 voli
841 521 988 618 similius,
1017 541 1114 615 quam
1149 520 1275 599 ίΙΙοιιιιιι

166 620 306 704 maxime
336 620 482 705 virorum,
504 637 640 706 quorum
666 617 824 704 principes
845 625 952 684 mant
971 619 1006 684 Ρ.
1028 616 1135 704 Scipio
1155 617 1194 684 o.
1217 630 1278 768 gae

166 705 302 784 Laelius,
324 707 377 793 qui
399 705 529 772 Graecis
548 703 659 770 litteris
677 703 763 770 docti
782 710 890 770 essem
908 704 1169 789 emoueltomam
1183 703 1216 768 ta
1240 719 1274 768 ιι-

167 811 238 857 cere
256 811 384 858 summa
410 811 482 857 cum
501 790 668 857 alacritate
693 788 871 872 studerent,
901 805 962 854 usa
986 807 1025 853 ae
1054 788 1279 855 consuetudine

168 876 312 944 (laelium
334 897 373 942 eo
394 876 565 941 adductum
590 895 661 942 esse
682 881 715 940 ut
730 873 806 940 belli
825 874 917 959 illius,
939 891 1073 960 quocum
1095 873 1279 958 apionem

169 962 412 1049 Laeliorumque
433 968 464 1026 et
486 961 640 1027 maiorum
662 966 694 1026 et
712 960 867 1026 minorum
890 959 992 1044 gloria
1000 958 1156 1042 artissime
1166 959 1279 1026 cohae·

97 1047 99 1051 ’
166 1054 256 1126 reret,
279 1047 441 1114 historiam
467 1045 620 1130 singulari
640 1045 779 1132 quodam
807 1061 967 1133 opere-
993 1043 1027 1111 id
1055 1039 1141 1130 quod
1169 1039 1278 1116 ettam-

168 1139 235 1198 tum
255 1132 374 1199 sactum
389 1152 453 1198 non
474 1139 542 1198 erat
564 1170 604 1183 -
626 1131 824 1211 describeret,
846 1137 942 1216 utque
959 1129 1108 1200 altiorem
1132 1127 1209 1198 artis
1228 1127 1277 1198 hi-

171 1218 316 1303 uterinae,
333 1219 421 1285 cuius
447 1215 854 1301 luculentissimaercmpla
866 1214 1006 1282 :Graecia
1021 1215 1204 1300 praebebat,
1224 1233 1278 1280 co-

167 1301 339 1384 gnitionem
348 1304 406 1369 sihi
412 1308 611 1386 compararet
624 1309 655 1368 et
667 1309 884 1387 comparatam
900 1299 995 1366 etiam
1008 1319 1091 1365 novo
1101 1319 1140 1364 ac
1152 1297 1280 1366 meliore

189 1389 307 1452 nodam
330 1388 454 1456 dicendi
476 1407 593 1472 genere
614 1394 871 1476 expromeret-
892 1384 953 1468 (ita
971 1384 1107 1472 quidem
1129 1393 1165 1452 ut
1180 1385 1279 1450 »etiam

169 1407 316 1569 linaium,
349 1475 453 1557 ipsum
470 1493 595 1621 Quoque
618 1493 689 1538 cum
711 1473 836 1540 illorum
855 1470 1027 1570 maioribus
1047 1467 1191 1571 similiter
1208 1489 1281 1542 oon·

169 1564 324 1641 rumetum,
361 1562 393 1623 in
421 1577 477 1622 rer
498 1559 527 1622 is
544 1558 764 1624 industriosius
807 1555 975 1626 naerendrs
997 1555 1137 1624 studrose
1159 1555 1282 1646 ducatur

173 1660 244 1707 esse
263 1641 450 1709 aemulatus.
472 1642 510 1706 cf.
532 1642 652 1707 Fronto
674 1662 692 1707 e
716 1641 787 1710 .ad
841 1641 950 1708 .Oacs.
971 1639 1025 1723 IV,
1048 1641 1078 1717 3,
1145 1635 1210 1706 ,95
1233 1636 1281 1710 ed.

172 1725 240 1790 Mai
261 1725 359 1812 1823)
389 1765 431 1776 -
464 1725 601 1812 denique
630 1733 664 1792 m
686 1661 747 1794 lice
768 1745 866 1814 opus,
883 1744 954 1794 cum
976 1713 1098 1801 ederet,
1147 1778 1152 1790 .
1174 1723 1283 1796 Laelio

173 1829 297 1878 summo
319 1831 360 1879 ex
379 1813 441 1879 illis
460 1811 535 1877 viris
554 1812 719 1877 etiamtum
740 1809 901 1898 superstiti
911 1807 1118 1884 inscriberet?

678 1938 759 2022 ῙΠ.

595 2047 854 2150 Fragmenta¹t

254 2166 284 2246 l)
305 2163 371 2232 Sed
394 2183 545 2248 magnam
570 2163 826 2236 exercitationem
844 2167 1046 2254 resflagitat,
1069 2187 1108 2234 ae
1130 2167 1206 2253 eald
1226 2187 1278 2239 co-

168 2299 274 2354 circiter
308 2301 376 2384 6207
405 2299 448 2354 ita·
480 2301 512 2353 ut
548 2305 608 2354 tum
642 2309 716 2358 certe
771 2301 921 2360 admodum
971 2301 1129 2368 adolescens
1170 2303 1280 2359 demum

166 2376 245 2438 essct,
263 2369 308 2423 eui
325 2369 437 2442 qmdem
453 2367 578 2423 ‘Coelium
595 2375 639 2426 tot
657 2371 738 2426 annis
753 2373 885 2426 maiorem
898 2387 1045 2454 rerumque
1064 2390 1116 2428 usu
1132 2374 1219 2429 multo
1237 2391 1280 2426 su-

166 2437 309 2508 periorem,
328 2439 363 2520 ob
379 2438 536 2519 litterarum
563 2440 656 2520 studia
681 2446 763 2495 antea
787 2441 845 2494 eine
869 2439 954 2496 dubio
971 2445 1118 2510 romamtum
1140 2441 1282 2522 celebrem,

166 2523 235 2654 ttt
251 2505 1281 2658 reterturtttthttttttttlttttttyqutttttttAtotle

168 2659 265 2698 manae
283 2643 316 2697 de
338 2644 411 2697 hello
453 2659 534 2696 umco
551 2645 670 2700 secundo
689 2646 853 2706 narrationis
872 2651 972 2717 partis,
996 2661 1080 2767 (ὲιιιιιιι
1102 2645 1139 2706 ad
1156 2643 1280 2699 Coehum

168 2709 341 2766 referendam
369 2730 427 2766 esse
451 2711 518 2765 satis
543 2730 560 2766 a
609 2720 636 2769 te
665 2715 864 2772 demonstrasse
887 2713 954 2768 mihi
975 2707 1003 2766 vi
1023 2719 1084 2780 etur
1106 2710 1135 2768 C.
1152 2713 1234 2774 Peter
1251 2715 1280 2767 in

169 2779 242 2834 libro
264 2780 309 2834 cui
325 2780 490 2849 inscribitur,
509 2780 568 2849 „Ue
589 2799 618 2836 er
636 2783 680 2838 die
698 2783 815 2850 Quellen
832 2784 880 2840 des
896 2781 976 2844 XXI.
991 2783 1050 2838 und
1066 2781 1161 2842 XXII.
1188 2778 1280 2840 Buchs

170 2847 218 2901 des
235 2847 342 2918 Livius,
359 2848 442 2906 Helle
460 2850 559 2918 ltdtf‘,
580 2851 660 2906 cuius
682 2851 718 2908 ef.
742 2869 788 2933 pg.
810 2852 861 2921 tu,
883 2847 962 2927 *plebi
985 2851 1098 2932 eiusque
1119 2848 1281 2906 ductoribus

171 2916 344 2987 aliquantum
360 2918 485 2972 inimicus
502 2916 587 2973 fuisse
603 2920 724 2987 videtum
738 2921 771 2974 'm
783 2937 867 2996 quarn
879 2919 991 2990 quidem
1008 2935 1057 2998 qur
1067 2917 1227 2998 Scipionum
1240 2937 1282 2973 ee·

171 2989 358 3066 totorumque,
387 2986 435 3058 qui
453 2994 701 3056 assequerentur,
721 2988 828 3044 animus
839 2987 934 3056 fuerit,
952 2985 1024 3042 inter
1045 3003 1138 3052 omnes
1160 2992 1280 3047 constat·

165 3083 199 3092 —
219 3059 258 3122 et,
282 3072 305 3107 ιι
322 3071 387 3108 vera
416 3060 480 3108 sunt
501 3071 571 3123 quae
594 3057 738 3138 proposui,
761 3057 772 3114 i
841 3056 958 3114 tortam
976 3051 1087 3112 Coelius
1105 3051 1136 3108 C
1161 3028 1281 3110 Gracchi

169 3122 285 3175 maxime
303 3122 439 3177 somnium
455 3137 510 3174 non
528 3121 567 3176 sic
586 3124 778 3194 simplicitate
798 3126 857 3185 rota
872 3123 1015 3182 occasione
1025 3139 1075 3201 per
1086 3119 1281 3193 dlgretsionem

164 3195 282 3257 tantum,
299 3207 354 3260 quo
372 3189 442 3243 nihil
457 3189 510 3242 nisi
522 3189 592 3246 alius
602 3193 700 3246 somnii
711 3194 897 3248 narrationem
910 3192 1053 3245 exornaret
1061 3191 1206 3262 ipsumque
1219 3208 1281 3246 oon·

165 3255 296 3324 firmaret,
315 3259 362 3312 sed
379 3264 476 3328 sponte
493 3263 626 3330 tanquam
643 3261 819 3316 manifestum
834 3260 948 3316 meritae
966 3259 1096 3315 divinitis
1154 3260 1280 3323 eimmis-

171 3341 218 3379 sae
236 3341 341 3396 poenae
358 3325 512 3396 exemplum
530 3329 681 3400 proposuit.
719 3328 766 3384 Ab
782 3329 870 3385 altera
885 3333 981 3384 antem
1017 3334 1075 3390 arte
1088 3278 1281 3386 erihrrortasse

186 3394 994 3536 ⁰t¹¹¹trttttdtttettttttttdtdttt
1016 3397 1281 3525 lidibinem&

164 3547 282 3604 rumque
300 3531 397 3587 studiis
416 3531 531 3586 sensisse
548 3551 581 3588 ex
600 3535 739 3596 Ciceronis
756 3541 866 3606 praeter
890 3507 1001 3592 eeteros’
1015 3533 1110 3597 multis
1126 3533 1195 3589 loeis
1214 3533 1280 3596 satis

164 3604 311 3748 &aheim
323 3667 366 3749 his
390 3669 550 3751 enarrarrdis
565 3668 735 3752 paucisqpe‚
753 3671 776 3726 si
793 3689 836 3729 ree
856 3671 965 3754 exigere
983 3669 1123 3740 videatur,
1138 3669 1280 3754 martran-

163 3734 213 3803 drs,
231 3751 288 3816 non
303 3741 412 3790 imitato
433 3755 574 3792 nomssrmr
595 3740 715 3822 edrtorrs,
732 3739 763 3796 O.
779 3740 813 3794 L.
825 3739 930 3809 Rothu,
957 3740 996 3860 g
1011 3735 1043 3793 C.
1063 3737 1281 3827 Salustriblrrspi

162 3802 286 3858 Catihna
302 3804 440 3887 Iugurtha
457 3805 642 3861 Historiarum
663 3809 805 3880 reliquiae.
828 3809 870 3863 ed.
893 3809 939 3862 rr.
986 3823 1024 3862 or.
1046 3805 1177 3864 Gerlach.
1195 3809 1280 3866 Acce·

166 3871 236 3926 dunt
257 3870 450 3928 historicorum
472 3879 594 3930 veterum
620 3876 807 3933 Romanorum
828 3876 962 3953 rellquiae
983 3891 1003 3930 a
1024 3875 1086 3932 Car.
1099 3877 1178 3935 ‘Iud
1202 3874 1279 3934 Roth

160 3940 297 3998 collectae
315 3941 516 4023 etodispoeiltae.
531 3943 587 4024 Bas
597 4011 604 4024 .
615 3944 703 4066 Ιβόἳλ,
720 3946 976 4026 radonem-utpote
993 3947 1216 4073 ffimffluamm
1228 3961 1280 4026 per

161 4019 190 4064 se
207 4011 327 4081 placeat,
344 4029 374 4065 ιιι
389 4011 483 4065 multra
513 4011 657 4066 lerrssrmrs
694 4031 784 4069 amum
813 4019 977 4068 amaeam
1022 4030 1053 4068 aa
1108 4015 1218 4072 modum
1235 4015 1280 4072 tle·

159 4077 223 4132 bilis
240 4079 369 4134 videatur
384 4097 450 4151 esse,
468 4096 562 4135 eorum
582 4081 705 4136 ordinem
722 4081 832 4138 omnino
850 4099 913 4138 eum
930 4083 1060 4156 servabo,
1077 4084 1125 4158 qui
1145 4090 1187 4140 est
1204 4101 1222 4139 a
1241 4085 1279 4145 ud

160 4143 311 4228 vossium,
323 4149 455 4218 (tortium,
466 4149 662 4205 Frotsehcrum
680 4150 719 4218 (in
734 4151 834 4230 hager.
852 4149 1062 4216 collectionlbus
1075 4154 1193 4227 quas'Sa
1235 4151 1280 4218 stit

161 4213 327 4277 editionibus
345 4219 403 4278 suis
420 4218 607 4293 addiderunt),
624 4219 776 4279 Kranaium
794 4219 877 4296 (vitae
894 4219 1032 4300 stirsgm.
1051 4225 1105 4286 ret.
1123 4213 1280 4282 tiodiem.
