3024 4870
695 306 740 372 39

252 473 313 544 Ubi
337 477 357 555 †
377 475 504 558 signum
525 473 635 558 perui,
663 473 696 542 iu
718 471 805 543 libris
826 493 902 544 rese.
931 475 1047 559 legibrr
1069 472 1090 544 ὅ
1110 501 1146 562 ys
1166 471 1278 552 asser

168 568 200 629 et
221 559 240 630 ὁ
263 551 415 634 madiae.
454 565 525 626 Iam
545 558 686 632 Vossius,
711 575 805 640 quem
827 559 926 626 neerei
947 562 1278 660 suutNautapg.143

166 651 200 714 et
228 643 374 726 Ceraius,
412 644 565 714 intellexit
593 643 764 714 aneilium
793 645 950 712 rhetorem
979 647 1190 727 Oaloetioum,
1226 665 1281 728 qm

166 730 292 815 saripslt
312 731 386 815 arpi
407 729 568 798 δουλικῶν
584 731 750 812 nultum
772 731 1009 814 Laahmauuus,
1027 732 1068 796 de
1080 731 1157 798 font.
1173 732 1242 798 Liv.
1253 732 1281 810 1,

165 836 219 900 pg.
239 817 294 883 31.
324 819 355 878 et
376 814 550 885 Kramerus
579 813 778 882 sodbondum
804 820 997 899 putaverunt
1025 811 1043 882 ὅ
1070 841 1105 901 ys
1136 816 1283 891 Κοίλιος.

164 901 385 982 intellegentes
407 901 442 965 L.
467 898 609 967 Coelium
631 900 850 984 Antipatrum
878 901 911 968 in
932 901 1037 970 medio
1059 922 1127 970 rem
1145 901 1281 983 relique

167 991 241 1056 runt
260 985 369 1052 eroon
389 1006 418 1051 r.
441 987 493 1052 Pr.
521 1005 575 1068 pg.
600 986 648 1050 75.
678 986 804 1052 Krause
830 1005 886 1069 pg.
909 989 979 1056 184
1023 985 1065 1052 ut
1086 986 1191 1052 vossii
1212 984 1280 1068 qui·

166 1070 240 1142 den
260 1070 449 1140 seutentiam
472 1069 640 1150 quominus
664 1071 865 1154 arripiamus,
886 1071 995 1152 utique
1016 1090 1054 1136 eo
1066 1070 1278 1156 prohibemur,

164 1155 251 1238 qued
270 1173 383 1236 neque,
405 1154 565 1237 quomode
586 1154 655 1222 eins
672 1154 718 1220 rei
731 1155 886 1224 Oeeoilius
900 1156 953 1227 ille
968 1155 1160 1226 mentionem
1175 1156 1283 1222 faeere

163 1239 311 1328 poluerit,
333 1239 411 1308 eatis
432 1239 629 1324 perspicitur,
652 1261 711 1306 neo
724 1240 862 1321 omuino,
884 1240 917 1306 id
939 1241 1025 1324 qued
1042 1239 1280 1310 heneauimad-

163 1325 256 1398 vertit
268 1325 502 1408 heumannus,
525 1320 585 1390 τὸν
608 1325 674 1392 τῶν
689 1326 852 1410 Ρωμαίων
867 1329 1058 1417 συγγραφέα
1081 1346 1153 1392 eum
1176 1325 1282 1394 dieere

165 1409 315 1482 Straboni
339 1409 434 1477 linuit.
492 1408 557 1474 Sed
585 1429 627 1476 no
651 1410 759 1478 alteris
787 1410 849 1480 illie
878 1412 1006 1494 quidem
1036 1410 1278 1478 adsentiendum

165 1515 237 1564 esee
256 1500 351 1578 put03
374 1515 450 1560 nam
471 1513 654 1575 quanquam
677 1515 728 1566 res
747 1496 828 1564 bello
842 1498 961 1564 Puuioo
983 1497 1176 1576 antiquiores
1199 1495 1277 1566 Coe·

165 1580 242 1650 liuur
264 1581 422 1648 interdum
442 1597 712 1646 commemorasse
743 1580 803 1663 ipsi
824 1580 889 1644 iam
909 1581 1063 1663 vidimus,
1100 1587 1207 1648 samen
1236 1580 1278 1646 ad

164 1665 406 1748 singulares-et
425 1664 603 1748 peculiares
631 1664 786 1730 eiusmodi
816 1665 942 1730 uberius
971 1665 1178 1747 exponendas
1205 1685 1278 1733 eum

164 1750 365 1822 despondisse
386 1749 520 1832 eogitari
541 1768 605 1814 non
628 1755 733 1834 petest
759 1789 801 1800 -
827 1750 860 1816 id
890 1749 1093 1830 quodetiam
1121 1748 1154 1814 iu
1179 1749 1279 1817 Soliui

162 1837 250 1904 looos
271 1834 357 1904 eadit
378 1834 419 1904 de
440 1835 554 1916 quibus
576 1834 683 1902 statim
704 1834 787 1902 iulia
802 1834 1028 1918 disputandum
1043 1833 1133 1900 nabis
1146 1833 1205 1900 erit
1217 1858 1275 1916 -3

164 1926 197 1986 et
217 1919 244 1986 si
262 1919 397 2000 iecisset,
420 1920 534 1985 mirum
556 1924 642 1986 eerte
660 1920 763 1999 fuerit,
786 1919 872 2002 quod
894 1919 1067 2004 Dionysius
1087 1918 1186 1988 Halia
1210 1919 1278 1986 eius

163 2005 261 2088 plane
283 2003 405 2070 nullam
424 2003 616 2082 mentionem
630 2004 711 2072 seete
734 2006 852 2073 Verum
871 2010 976 2071 autem
991 2004 1117 2069 videsee
1131 2003 1277 2079 existimo

165 2087 414 2170 Sebweglerum,
437 2089 530 2153 Rem.
551 2087 705 2156 Gereoni
727 2110 781 2174 pg.
794 2090 844 2166 80,
869 2087 923 2168 qui
945 2087 1072 2170 quidem
1095 2087 1128 2152 Ο.
1142 2087 1278 2158 erilium

164 2173 370 2243 Glabrionem
391 2173 579 2255 intellegens
600 2174 681 2240 haee
694 2173 790 2244 dixit:
813 2171 940 2242 Coelius
961 2173 1018 2240 hat
1038 2171 1203 2242 lateiuieoh
1224 2193 1278 2254 ge·

163 2258 342 2339 sebrieben,
384 2258 537 2326 wahrend
564 2257 678 2332 Strabo
707 2279 766 2331 nur
798 2259 994 2343 gdeehisehe
1023 2258 1157 2336 Quellen
1186 2257 1278 2326 eitirt.

163 2343 430 2414 Haudsehrittlieh
441 2343 601 2428 empfiehlt
612 2344 678 2411 sieh
698 2339 832 2420 ἀκύλιος
846 2345 921 2428 (wie
934 2344 985 2410 bei
996 2344 1128 2427 Dieuys.
1141 2347 1199 2426 III,
1212 2341 1278 2428 di.)

36 2475 46 2490 .
165 2430 241 2501 oder
254 2425 401 2504 ἀκίλλιος
417 2435 465 2507 (eo
476 2428 546 2496 eod.
558 2431 628 2496 Vat.
639 2451 681 2496 an
688 2430 782 2512 jener
793 2430 902 2509 Stella)
926 2429 1120 2494 mindestens
1142 2430 1221 2494 eben
1243 2448 1281 2496 se

164 2515 237 2584 sehr
258 2513 306 2584 ale
328 2515 458 2589 κοίλιος.
479 2513 636 2590 -Quod
658 2514 794 2597 quidem,
816 2515 842 2580 si
864 2514 991 2582 omuino
1012 2503 1279 2582 euoluendis

166 2615 248 2681 quae
261 2597 377 2664 fuerint
395 2599 654 2677 consideraveris,
677 2600 773 2669 etiam
787 2599 891 2682 magis
903 2599 1104 2684 probandum
1116 2597 1279 2664 videbitur.

251 2683 396 2764 Denique
427 2685 584 2754 Kreusius
612 2685 710 2750 Ooelii
737 2685 934 2768 fragmentis¹
954 2685 1034 2750 duos
1063 2682 1164 2748 Solimi
1191 2682 1280 2755 loees

164 2767 297 2852 adduit,
321 2767 376 2851 qui
397 2768 546 2852 leguntur
566 2791 592 2836 e.
614 2777 639 2853 Ι,
666 2772 695 2847 8,
716 2791 770 2868 pg.
792 2771 820 2839 7.
845 2776 877 2835 et
899 2791 923 2835 e.
944 2774 987 2844 ll,
1010 2768 1069 2849 27,
1090 2789 1144 2867 pg.
1167 2767 1209 2836 42
1230 2767 1279 2835 ed.

163 2855 358 2937 Mommseu;
392 2854 539 2936 quamvis
567 2854 636 2938 ipse
658 2854 813 2924 debuere.
858 2856 899 2920 Et
922 2855 955 2918 in
976 2853 1030 2918 illo
1053 2854 1180 2933 qurdem
1208 2853 1279 2922 loeo

163 2939 249 3023 quod
267 2937 433 3017 Kraueius,
455 2938 488 3004 iu
510 2937 665 3006 Camertie
688 2937 832 3008 editione!
850 2937 987 3019 margini
1005 2937 1208 3020 adscriptum,
1230 2955 1280 3004 re

164 3026 245 3094 etius
275 3044 310 3093 se
331 3023 450 3090 habere
470 3021 647 3105 euspieatns
670 3029 718 3088 est
743 3022 913 3103 „deffim‘e
942 3021 976 3087 id
1006 3041 1089 3089 nuno
1118 3022 1158 3085 ob
1187 3021 1279 3086 eodd.

163 3109 385 3177 austeritatem
395 3108 610 3174 Mommsenus
628 3107 661 3172 iu
683 3113 806 3174 textum
826 3107 880 3188 qui
894 3111 1025 3172 voeatur
1038 3105 1171 3189 reeepit3
1194 3105 1278 3174 idom

164 3195 265 3262 altero
287 3193 358 3258 leoo
382 3211 400 3255 e
421 3192 488 3260 libr.
511 3194 786 3263 muneratorium
808 3192 916 3273 utique
936 3191 991 3275 „Q
1004 3190 1150 3258 Coelius“
1171 3190 1278 3272 legeu-

164 3278 240 3348 dum
263 3296 334 3342 esse
354 3276 583 3345 demonstravit
604 3316 645 3328 -
667 3278 713 3344 ita
734 3283 784 3360 ut,
818 3278 846 3343 si
875 3276 1001 3358 quidem
1035 3275 1134 3342 Caelii
1162 3295 1280 3346 nomeu

163 3363 364 3442 retineamus,
375 3362 581 3445 domandum
593 3369 676 3433 uerte
687 3383 751 3428 uon
769 3363 810 3430 sit
826 3363 866 3428 de
877 3363 916 3434 b.
931 3361 1038 3432 boelio
1049 3361 1217 3461 Antipatro
1226 3385 1278 3460 -5

164 3449 224 3518 sub
243 3466 307 3530 ¹quo
329 3453 436 3515 umen
456 3447 592 3516 eundem
614 3448 670 3514 Gn.
684 3449 819 3518 Gellium
841 3446 1106 3518 latereKraueius
1121 3465 1188 3512 rure
1200 3445 1278 3512 mihr

164 3533 488 3606 anomoeorum.

595 3728 756 3812 ,N

248 3869 404 3943 ludieium
423 3869 520 3949 iratur
540 3875 577 3934 ul
598 3868 638 3937 de
657 3870 693 3938 L.
709 3869 814 3937 Coelio
838 3869 942 3943 dieere
963 3867 1130 3956 possimus,
1145 3887 1275 3944 -rem,

164 3954 218 4020 ubi
238 3955 279 4020 de
300 3953 519 4039 seripturibus,
554 3972 687 4036 quorum
709 3974 728 4018 o
753 3973 807 4019 era
834 3954 960 4036 integra
988 3953 1031 4018 ad
1060 3960 1170 4019 nostra
1198 3957 1276 4016 tem-

164 4058 244 4125 pora
274 4047 474 4121 manserunt,
510 4044 642 4123 agatur,
677 4039 707 4102 d·
744 4038 835 4104 eilem
865 4039 952 4108 illam
980 4038 1126 4128 quidem,
1165 4038 1198 4108 in
1231 4035 1276 4100 eis

164 4144 257 4206 vero,
287 4135 420 4212 quorum
440 4122 576 4210 exiguas
596 4129 720 4194 butum
741 4111 913 4210 portioulae
935 4124 1090 4209 quasdam
1113 4123 1274 4200 hebenus,
