3024 4870
719 320 758 405 9.

173 515 367 606 Pomponius
391 513 467 602 (dig.
491 512 514 600 l,
538 517 558 583 t.
582 511 622 579 11.
647 508 769 596 §lCiz
789 511 867 598 „sed
886 511 977 636 ppos,
1000 509 1113 600 inquit,
1136 499 1292 595 eloquin.

172 608 234 672 tiae
256 625 350 692 quam
373 599 447 668 iuris
469 599 621 667 scientiae
652 619 779 684 operam
803 599 908 665 dedit!
958 595 1217 684 'Sed'commode
1237 589 1283 657 irr-

175 700 222 757 ter
245 711 278 756 so
302 687 450 772 coniungi
464 692 605 772 possunt,
629 685 656 748 si
678 684 814 781 quidem,
837 685 890 774 qui
904 685 1018 751 fuerint
1038 683 1091 766 illi,
1103 681 1157 768 qni
1176 680 1220 747 sic
1243 677 1287 745 de

174 777 283 844 Coelio
304 774 488 850 iudicarent,
511 779 595 836 recte
623 770 841 839 consideraris.
878 773 918 836 Et
939 769 1138 854 Pomponius.
1154 765 1283 854 quidem

171 870 321 962 tanquam
353 879 459 924 merus
493 856 750 940 iurisconsultus,
795 862 829 920 ut
869 856 913 921 ita
954 855 1073 940 dicam,
1115 853 1176 918 fert
1211 869 1283 915 sen-

172 955 302 1012 tentram
319 964 423 1030 neque
443 942 524 1009 adeo
546 941 710 1020 acerbam,
733 961 805 1006 cum
826 947 939 1008 tamen¹
955 939 1036 1007 inter
1055 954 1195 1006 summos
1218 935 1284 999 cius

172 1031 288 1099 ordinis
311 1029 395 1096 viros
411 1028 553 1096 Coelium
574 1027 773 1104 enumerarit,
797 1027 892 1093 etsie
914 1026 1284 1112 explicandam'uteum

171 1139 235 1184 non
264 1119 367 1201 ipsum
393 1115 518 1200 quidem
558 1113 643 1179 dicat
677 1122 732 1178 aut
761 1121 976 1180 accusatorem
1005 1118 1061 1178 aut
1088 1110 1285 1194 defensorem

171 1223 284 1269 causas
307 1201 411 1286 egisse
449 1237 486 1248 -
518 1197 616 1284 (quod
638 1197 664 1263 si
685 1198 806 1265 factum
825 1199 925 1284 essct,
961 1199 1070 1266 Cicero
1094 1215 1162 1262 eum
1187 1189 1286 1258 nomi-

172 1294 280 1354 nasset
298 1286 379 1352 inter
400 1292 558 1369 oratores,
593 1303 650 1349 nee
672 1283 892 1350 tantummodo
922 1292 1072 1372 tanquam
1103 1280 1287 1364 sumptorum

173 1373 346 1452 laudasset)
371 1411 412 1418 -
437 1371 493 1435 sed
513 1370 558 1434 ita
577 1371 625 1454 ut,
648 1371 793 1454 quamvis
814 1370 927 1436 ceteris
947 1371 1008 1438 illis
1028 1367 1102 1434 iuris
1125 1365 1286 1464 aliquanto

173 1461 275 1523 minus
297 1458 415 1542 peritus
436 1461 527 1538 essct,
548 1474 620 1519 eum
642 1455 802 1521 auditores
824 1476 898 1522 suos
918 1478 981 1523 non
996 1455 1099 1556 magis
1121 1453 1286 1540 adipeam

172 1564 248 1620 rem,
268 1543 288 1606 i.
311 1561 336 1606 e.
359 1542 533 1605 admoram
554 1539 840 1626 iurisprudentiam,
862 1541 1035 1608 instituisse
1055 1534 1286 1620 intellegamus,

174 1649 268 1712 quam
301 1626 344 1690 ad
372 1626 421 1710 id,
461 1625 546 1712 quod
573 1624 669 1688 ceteri
697 1623 763 1688 fere
785 1627 848 1690 nou
870 1625 1025 1709 facerent,
1064 1631 1103 1692 ut'
1125 1625 1224 1688 artem
1250 1616 1285 1682 il-

173 1716 236 1798 lam
259 1713 354 1777 etiam
376 1711 517 1776 oratione
538 1747 578 1756 -
601 1717 636 1773 ut
651 1705 819 1795 Ciceronis,
842 1711 881 1775 de
904 1731 946 1778 or.
961 1712 993 1793 Ι,Ι
1011 1709 1070 1794 55,
1091 1707 1195 1774 verbis
1216 1711 1287 1770 utar

175 1839 212 1847 -
237 1803 478 1881 exaggerarent.
521 1796 664 1859 Alterum
688 1803 810 1880 autern,
846 1795 1021 1881 Ciceronis,
1059 1789 1208 1860 iudicium
1238 1794 1286 1853 est

173 1883 318 1963 hominis,
341 1882 396 1967 qui
416 1881 448 1945 in
468 1900 625 1945 merorum
642 1881 932 1947 iurisconsultorum
944 1901 1075 1948 numero
1091 1902 1156 1946 uon,
1168 1877 1285 1942 haben-

153 1971 233 2052 dus
252 1968 306 2052 sit,
341 1965 399 2031 sed
420 1972 525 2031 orator
547 1965 714 2028 oratoriam
736 1967 874 2032 mariimc
898 1975 996 2032 artem
1020 1965 1206 2050 respexerit,
1228 1961 1285 2025 ila-

175 2073 236 2138 que
259 2073 322 2118 uon
343 2051 503 2116 diversum
518 2049 677 2138 quiddam,
701 2052 764 2114 imo
780 2049 882 2134 ‘plane
904 2053 986 2118 idem
1002 2050 1160 2118 Ciceronis
1181 2046 1284 2130 laude,

175 2139 260 2224 quod
278 2136 453 2222 Pomponii
477 2133 648 2220 siquidem
672 2135 717 2199 sic
740 2154 809 2218 earn
826 2138 933 2204 uocari
954 2139 1032 2222 licet,
1058 2133 1287 2220 vituperatione

174 2224 298 2288 videtur
310 2222 487 2304 significari.
524 2221 592 2284 Hac
613 2221 683 2304 ipsa
705 2221 822 2304 autem,
869 2244 910 2288 ua
922 2223 970 2289 ius
984 2228 1142 2305 tractaret,
1165 2218 1287 2284 ratione

176 2307 301 2375 Coelius
323 2307 409 2372 haud
440 2306 568 2406 paulum
601 2327 665 2371 uon
696 2307 791 2372 modo
825 2245 867 2372 ai
894 2309 960 2374 eius
995 2307 1195 2392 discipliuae,
1229 2302 1286 2368 sed

176 2394 304 2461 omniuo
329 2392 370 2458 ad
382 2394 566 2457 Latinarum
585 2392 759 2456 litterarum
774 2413 978 2478 progressum
1003 2392 1126 2458 videtur·
1149 2387 1289 2455 valuisse

176 2479 376 2564 maximeque
399 2477 431 2542 in
450 2477 640 2541 instituendo
662 2479 695 2542 L.
709 2473 824 2544 Crasso
847 2499 916 2543 eam
938 2478 1088 2544 habuisse
1109 2478 1182 2558 vim,
1206 2482 1240 2540 ut
1262 2472 1287 2536 is

175 2564 409 2650 „eloquentium
431 2563 518 2628 fieret
531 2560 855 2645 iurisperitissimusf‘,
868 2565 929 2628 Vix
944 2565 1027 2629 enim
1047 2562 1180 2629 dubitari
1193 2579 1288 2646 posse

177 2651 338 2734 existimo,
374 2649 448 2798 quin
477 2666 602 2714 summa
631 2667 738 2713 eorum
769 2669 850 2736 quae
879 2651 1028 2734 leguntur
1054 2648 1140 2734 apud
1162 2645 1223 2712 Cic.
1247 2643 1287 2707 de

178 2757 220 2802 or.
239 2737 262 2822 I,
282 2735 333 2816 55,
354 2755 374 2798 a
411 2733 552 2799 Coelium
573 2733 738 2798 referenda
753 2733 808 2812 sit3
831 2755 892 2821 quo
907 2733 1032 2821 quidem
1055 2736 1124 2802 loco
1146 2733 1287 2814 Crassus,

178 2841 249 2887 cum
271 2822 309 2887 P.
332 2820 426 2886 Mucii
449 2819 633 2895 Scaevolae,
658 2819 707 2885 oui
725 2819 860 2902 primum
884 2841 918 2886 se
941 2821 1095 2898 dedisset,
1120 2826 1219 2884 artem
1242 2815 1288 2879 in-

180 2907 321 2973 dotatam
342 2912 436 2988 atque
456 2904 650 2986 incomptam
674 2924 744 2970 esse
765 2903 910 2991 vidisset,
943 2907 1006 2972 iem
1030 2913 1097 2972 tum
1125 2944 1167 2954 -
1191 2899 1289 2966 Coelii

179 2993 246 3058 siue
268 2990 362 3056 dubio
386 2990 571 3076 auctoritate
593 2996 688 3074 atque
710 2992 855 3074 exemplo
878 2999 1054 3058 commotus
1076 3027 1117 3038 --
1139 2989 1173 3054 id
1193 2987 1289 3070 potis-

179 3078 292 3142 simum
318 3075 510 3159 appetivisse
532 3074 651 3151 dicitur,
676 3081 710 3138 ut
730 3076 896 3141 verborum
909 3077 984 3141 dote
996 3097 1065 3142 eam
1084 3074 1290 3156 locupletaret

177 3175 272 3248 atque
294 3167 421 3226 omaret
442 3167 473 3224 et
495 3159 635 3225 oratione
657 3167 883 3246 exaggeraret,
916 3163 1013 3227 itaut
1034 3159 1074 3226 de
1096 3161 1137 3226 M.
1161 3155 1290 3224 Antonii

179 3247 332 3312 sententia
352 3247 403 3309 vel
424 3245 553 3310 nimium
569 3242 719 3330 quiddam
741 3247 812 3310 huic
831 3246 988 3314 tribueret.
1000 3286 1040 3304 -ψ
1058 3246 1123 3311 Sed
1140 3245 1204 3310 iam
1217 3263 1288 3309 cum

179 3332 245 3398 eius
259 3330 355 3398 studii
368 3350 425 3395 nec
448 3336 652 3395 monumenta
672 3351 731 3396 uec
747 3332 926 3398 testimonia
946 3335 1039 3418 plura
1049 3333 1231 3411 habeamus,
1255 3327 1288 3391 in

181 3418 229 3483 his
257 3416 521 3502 acquiescendum
540 3415 864 3504 proficiscendumque
891 3420 981 3486 nobis
1010 3415 1069 3484 erit
1091 3418 1133 3482 ad
1161 3413 1202 3496 id,
1226 3429 1288 3497 quo

181 3521 322 3570 summas
345 3503 499 3587 quasdam
521 3499 632 3565 laudes
654 3501 778 3570 Coelius
801 3505 861 3569 sibi
881 3503 1052 3590 paraverit,
1074 3498 1245 3568 historiam.

263 3587 430 3653 Nitebatur
451 3594 557 3653 autem
577 3587 656 3653 haec
677 3588 775 3672 Coelii
796 3590 865 3656 laus
885 3611 981 3675 opere
993 3585 1029 3670 1)''
1047 3589 1080 3655 in
1101 3591 1232 3669 septem,
1255 3587 1290 3650 ut

181 3670 314 3750 videtur,
334 3673 431 3740 libros
454 3673 628 3754 distributo,
638 3673 660 3754 ²)
685 3675 768 3759 quod
788 3673 911 3758 scripsit
933 3677 975 3742 de
995 3672 1126 3742 historia
1140 3669 1215 3737 belli
1228 3670 1288 3734 Pn-

178 3805 384 3822 *μ*-

252 3861 271 3928 ¹)
290 3859 421 3926 Quamvis
439 3859 510 3912 enim
528 3857 677 3912 eiusmodo
696 3849 858 3928 ,pistoriael‘
873 3860 954 3913 modo
973 3857 1117 3926 „annales“
1136 3857 1291 3924 laudentur,

180 3928 209 3984 id
226 3946 312 3984 uuum
332 3945 401 3998 opus
419 3926 511 3994 fuisse,
525 3925 577 4046 ,spui
595 3926 750 3982 litterarum
768 3927 932 3982 Latinarum
949 3925 1091 3982 historiam
1110 3928 1200 3996 novit,
1217 3928 1290 3982 ultro

182 3998 268 4065 ridet,
290 4003 318 4051 et
336 3997 380 4050 vel
399 4013 430 4052 eo
452 3994 523 4065 signi
544 4000 634 4064 catur,
653 3997 727 4066 quod
744 4015 824 4070 saepe
846 3995 1004 4068 simpliciter
1021 3994 1125 4066 citatur
1140 3995 1291 4064 „Coelius·‘,

180 4067 223 4120 vel
242 4065 367 4134 „Coelius
383 4065 411 4120 in
427 4064 466 4131 1⁴²,
489 4062 594 4117 similia.
746 4125 748 4130 ,
1182 4061 1184 4068 “

250 4133 271 4204 ¹)
289 4135 344 4188 Tot
362 4134 458 4187 saltem
475 4150 492 4186 a
507 4131 645 4186 veteribus
662 4129 714 4185 scri
735 4132 840 4187 toribus
858 4133 1020 4204 laudantur,
1046 4150 1079 4188 ex
1097 4147 1165 4204 quo,
1186 4137 1217 4186 ut
1235 4147 1291 4186 sac-

180 4202 291 4274 pissime
315 4201 342 4256 in
365 4201 497 4258 eiusmodi
522 4200 630 4275 scriptis
647 4199 704 4254 acci
726 4200 760 4269 it,
788 4199 879 4266 ctiam
892 4203 974 4257 huius
996 4200 1104 4256 omnino
1121 4200 1213 4272 plures
1236 4215 1291 4256 nou
