3024 4870
787 337 828 414 ‘28

313 521 378 584 Hoc
394 520 584 590 fragmentum
602 515 639 572 ab
661 517 790 570 omnibus
803 517 958 572 editoribus
972 522 1086 586 praeter
1096 511 1217 573 usuum
1228 517 1361 574 sbGroe-

278 591 358 646 nium
379 589 510 642 omissum
532 593 587 654 est,
612 592 711 657 utpote
730 586 813 656 quod,
833 587 944 655 opinor,
967 587 1003 640 ad
1021 585 1145 642 Silenum
1163 584 1258 657 potira
1275 601 1362 658 qum

279 659 316 714 ad
345 654 471 712 Coelium
495 655 635 724 pertinere
662 661 810 734 putarent,
835 687 861 696 —
889 655 989 733 iniuria
1010 655 1051 708 illi
1075 655 1198 727 quidem.
1237 655 1361 726 Primum

280 727 362 808 enirn·
375 743 426 804 per
448 741 478 778 se
502 723 559 804 ucri
583 719 671 776 multo
694 723 809 775 similius
829 728 872 775 est
891 723 1052 803 Ciceronem
1075 753 1104 762 —
1117 723 1164 804 ‘tid
1184 721 1362 796 quodetiam

280 813 310 849 ru
328 791 438 876 Lryrum
459 792 549 870 cadit,
574 795 610 844 ct.
632 791 717 870 Peter
735 789 752 848 l.
770 791 786 844 l.
806 807 853 870 pg.
876 790 923 860 lt,
945 808 992 862 qur
1012 809 1139 862 quamvis
1157 793 1243 846 semel
1255 791 1365 871 xxv-1,

280 862 322 916 49.
345 861 448 915 diserte
466 860 590 940 Silenum
611 859 741 946 laudant,
757 859 907 912 manifesto
927 863 1019 940 tamen
1038 860 1072 938 de
1091 876 1167 914 more
1188 877 1239 914 suo
1257 877 1296 940 eu¹
1308 861 1363 914 alro

282 926 1010 1067 tralatas?aasariaratus
1024 927 1365 1064 translatura&

282 1083 364 1138 quem
391 1068 501 1137 quidem
532 1069 680 1135 praeterea
703 1064 787 1116 etiam
814 1063 961 1133 aliquoties
986 1065 1065 1118 ineo
1088 1081 1132 1118 em
1155 1061 1190 1118 de
1212 1060 1268 1118 div.
1290 1063 1361 1119 libro

282 1135 418 1204 laudarit,
450 1152 533 1206 quam
557 1147 572 1185 e
593 1129 718 1199 Gracco,
741 1132 820 1186 cuius
844 1149 914 1202 opus
943 1137 1019 1186 certe
1045 1132 1245 1186 multominus
1267 1138 1363 1205 notum

282 1221 316 1258 ao
326 1204 520 1273 pervulgatum
534 1200 579 1254 vel
593 1200 665 1253 ultro
675 1199 750 1269 apud
762 1199 901 1254 Romanos
914 1217 975 1255 esse
987 1199 1093 1267 debuit,
1103 1201 1238 1254 hausisse.
1253 1199 1363 1255 Deinde

283 1272 415 1327 orationis
442 1288 533 1342 genus
550 1267 577 1322 h.
598 1267 615 1320 l.
634 1269 691 1321 tale
710 1273 766 1336 est,
794 1268 874 1348 quale
892 1265 989 1322 Cicero
1013 1275 1090 1322 certe
1108 1285 1125 1322 a
1144 1267 1236 1340 prisco
1255 1275 1362 1324 tantum

283 1340 436 1408 scriptore,
476 1340 621 1394 etiamtum
659 1336 769 1389 horrido
806 1336 854 1389 rllo
892 1343 976 1406 atque
1016 1337 1190 1416 ineleganti,
1224 1344 1363 1408 sumptum

283 1400 495 1474 transscribere,
525 1422 581 1459 non
606 1421 620 1457 e
642 1398 752 1484 Graeco
778 1407 917 1470 sermone,
944 1412 999 1474 qua
1019 1406 1047 1458 in
1067 1419 1096 1458 re
1121 1395 1156 1458 de
1175 1407 1224 1458 stro
1241 1406 1363 1484 ingenio,

284 1475 412 1545 quamvis
428 1475 490 1545 ipsa
509 1473 588 1527 facta
605 1475 750 1541 proposrta
769 1478 878 1540 esseut,
906 1473 1105 1552 sententiarum
1123 1471 1286 1542 compositio
1305 1480 1362 1527 sel·

283 1545 377 1625 baqpc
402 1539 592 1623 depromenda
619 1545 725 1607 essent,
749 1545 858 1621 rertere
883 1548 992 1621 potuit,
1024 1541 1148 1612 itemque
1168 1545 1265 1622 tantus
1288 1543 1360 1622 inter

283 1613 372 1680 Lrvn,
390 1629 436 1682 qur
455 1610 573 1666 candem
592 1608 651 1662 iere
663 1614 848 1664 narrationem
868 1609 976 1663 rettulit
990 1610 1006 1662 l.
1025 1608 1106 1676 XXI,
1119 1609 1161 1680 21,
1178 1615 1208 1663 et
1219 1607 1356 1664 Ciceronis

283 1681 440 1734 locutiones
454 1678 589 1750 quasdam
606 1694 768 1744 consensus,
786 1684 818 1731 ut
835 1678 875 1732 ita
894 1677 993 1746 dicam,
1011 1678 1171 1744 intercedit,
1189 1683 1313 1750 quantus,
1332 1678 1356 1730 si

285 1749 368 1804 ambo
389 1747 500 1802 Graeca
519 1752 629 1800 tantum
646 1745 769 1824 eiusdem
789 1747 933 1815 scriptoris
954 1745 1040 1798 verba
1058 1745 1215 1824 vertissent,
1240 1747 1357 1800 existere

283 1835 339 1873 non
358 1818 504 1886 potuisset.
540 1816 606 1868 Jam
636 1816 721 1879 igitur
748 1814 833 1867 verba
861 1812 910 1866 illa
936 1811 1106 1866 scissione
1130 1813 1185 1882 ipsi
1211 1811 1361 1868 narrationi

285 1885 446 1952 anteposita
475 1882 544 1935 nihil
575 1879 737 1949 significant
763 1881 831 1934 nisi:
862 1886 1010 1952 utramque
1036 1881 1274 1936 narratiunculam
1297 1891 1364 1936 ssa

284 1951 380 2031 Coelio
400 1951 570 2070 ἀςρέρωθτθ,
590 1947 663 2002 huuc
673 1955 766 2070 auterp
786 1981 813 1990 -
826 1949 855 2004 id
870 1949 946 2029 quod
960 1951 1019 2004 sine
1031 1947 1116 2071 dublio
1129 1950 1227 2004 addito
1241 1951 1363 2006 auctoris

255 2101 258 2108 ·
285 2037 398 2144 stlat
421 2022 641 2158 thttttits
659 2033 692 2140 si
707 2017 816 2141 tritt
837 2017 1123 2158 ttttbtllts
1141 2026 1365 2159 ”Pittsrttt

285 2156 429 2226 permultis
451 2172 514 2208 eum
530 2153 654 2209 Silenum
676 2161 804 2209 secutum
822 2157 884 2211 esse
903 2154 988 2209 etiam
1005 2162 1104 2225 postea
1121 2153 1204 2208 nobis
1222 2155 1366 2209 evincatur

287 2257 314 2268 -
336 2222 387 2278 sed
406 2223 443 2275 ad
468 2223 543 2275 solas
574 2223 625 2274 has
655 2224 830 2278 narrationes
856 2223 1016 2293 respiciunt.
1040 2252 1066 2263 -
1099 2222 1179 2275 llauo
1207 2222 1263 2276 iam
1287 2223 1370 2293 Poly·

284 2293 347 2348 bius
364 2291 443 2344 novit
461 2295 490 2343 et
507 2289 544 2369 ad
563 2305 624 2343 eam
642 2287 739 2342 allusit
752 2291 804 2368 Ill,
822 2291 856 2345 47
868 2308 908 2361 sq.
927 2291 1014 2370 igitur
1031 2291 1106 2358 apud
1125 2290 1249 2345 Silenum
1266 2297 1296 2346 et
1314 2290 1370 2346 sor·

287 2366 363 2414 tasse
389 2356 464 2428 apud
487 2358 557 2410 alnos
600 2373 636 2411 uo
658 2373 692 2412 ue
718 2357 794 2426 legit.
829 2359 875 2412 Ab
900 2361 961 2439 ipso
984 2357 1080 2412 Sileno
1110 2371 1174 2412 eans·
1195 2357 1371 2430 deprompsit

285 2425 439 2550 ffloltggss.
458 2441 503 2494 ap.
528 2373 627 2480 Zonirr.
676 2425 727 2495 111,
747 2427 796 2495 aa,
825 2427 943 2482 ahino
961 2425 1055 2482 Valet.
1075 2426 1146 2480 Max.
1165 2431 1189 2495 l,
1208 2427 1233 2482 7.
1269 2426 1317 2482 sil.
1333 2428 1369 2484 tt

329 2536 335 2561 ‚
405 2537 411 2548 .

266 2655 269 2664 ,
337 2583 391 2662 44)
435 2579 554 2646 Omnes
584 2579 643 2645 hoo
666 2578 822 2656 historici,
851 2579 965 2662 Fabri,
994 2577 1102 2664 Gellii,
1136 2579 1195 2646 sed
1223 2582 1369 2664 proxime

252 2665 389 2737 Coelius.
434 2663 515 2732 Cum
537 2663 618 2729 bello
640 2665 754 2728 Latino
780 2663 847 2729 ludi
867 2663 965 2728 votivi
994 2665 1127 2730 maximi
1154 2666 1291 2748 primum
1315 2664 1368 2734 te-

250 2761 340 2828 rent,
368 2753 479 2817 civitas
503 2749 544 2813 ad
563 2769 654 2813 arma
675 2754 804 2833 repente
827 2755 875 2815 est
898 2749 1044 2814 excitata.
1087 2752 1200 2832 ltaque
1221 2752 1305 2819 ludis
1324 2753 1369 2818 in-

251 2837 406 2904 termissis
429 2833 627 2900 instaurativi
665 2833 825 2900 constituti
857 2842 937 2900 sunt.
983 2834 1045 2912 Qui
1067 2843 1239 2916 antequam
1260 2838 1371 2903 fierent

253 2942 388 3004 cumque
410 2919 546 3006 populus
574 2918 637 2984 iam
661 2919 873 3004 consedisset,
906 2931 1016 2986 servus
1043 2941 1100 3006 per
1131 2921 1264 3006 circum,
1298 2943 1369 2987 cum

251 2995 353 3094 virgis
376 3005 577 3082 caederetur,
608 3005 729 3070 iuream
758 3005 863 3071 ferens
892 3005 1005 3071 duetus
1036 3012 1091 3072 est.
1135 3005 1219 3088 lirin
1242 3007 1367 3072 cuidam

250 3091 369 3160 ru'stioo
392 3087 538 3158 Romano
561 3087 728 3156 dormienti
749 3090 836 3156 visus
851 3096 899 3156 est
920 3090 1028 3155 venire
1052 3091 1105 3173 qui
1124 3089 1256 3157 diceret:
1277 3093 1367 3177 prae-

250 3179 352 3244 sulem
375 3179 434 3243 sibi
454 3197 518 3240 nou
539 3174 698 3260 placuisse
721 3175 821 3258 ludis,
845 3165 939 3256 idque
961 3177 1001 3240 ab
1023 3176 1134 3241 eodem
1156 3179 1277 3241 iussum
1300 3197 1366 3244 esse

250 3283 322 3328 eum
348 3259 473 3329 senatui
495 3261 657 3346 nuntiare,
690 3261 778 3324 illum
805 3279 869 3325 non
893 3279 962 3325 esse
990 3280 1115 3330 ausum.
1160 3261 1279 3326 Iterum
1300 3281 1369 3328 esse

251 3345 337 3412 ideln
361 3347 481 3411 iussum
500 3350 531 3408 et
550 3347 703 3425 monitum
720 3366 761 3410 ne
779 3345 842 3410 vim
858 3365 947 3411 suam
964 3343 1099 3429 experiri
1115 3347 1224 3430 vellet3
1249 3351 1368 3412 netum

252 3431 385 3516 quidem
407 3448 478 3495 esse
500 3437 620 3494 ausum.
666 3430 749 3494 Exin
777 3427 874 3494 filium
905 3433 971 3496 eius
1001 3451 1070 3495 esse
1092 3435 1265 3515 mortuum,
1295 3451 1370 3496 ean-

252 3516 333 3584 dein
367 3517 399 3581 in
428 3515 547 3580 somnis
584 3515 833 3578 admonitionem
864 3515 961 3581 luisse
987 3516 1121 3582 tertiam.
1170 3517 1252 3582 Tum
1280 3514 1368 3582 illum

251 3602 283 3667 et
300 3624 352 3667 am
376 3599 511 3666 debilem
534 3597 651 3664 facturn
678 3619 744 3664 rem
766 3600 809 3664 ad
830 3599 956 3677 amicos,
974 3593 1139 3680 detulisse,
1174 3619 1308 3682 quorum
1329 3601 1370 3668 de

249 3679 419 3753 sententia
439 3683 584 3749 lecticula
609 3679 782 3750 incuriam
805 3706 874 3752 esse
897 3685 1053 3765 delatum,
1087 3706 1222 3768 cumque
1244 3687 1368 3753 senatui

251 3772 407 3837 sbmnium
424 3770 645 3848 enarravisset,
669 3767 802 3856 pedibus
823 3769 887 3837 suis
902 3771 1219 3838 domumrevertisse.
1252 3771 1368 3856 Itaque

251 3853 373 3924 soriinio
401 3855 606 3940 comprobato
634 3877 654 3920 a
681 3865 792 3922 senatu
812 3855 904 3923 ludos
928 3857 997 3922 illos
1029 3855 1142 3923 iteruin
1173 3855 1367 3923 instauratos

253 3942 424 4008 memoriae
446 3942 606 4026 proditum
629 3949 684 4007 cst.
730 3941 793 4010 Cic.
818 3941 859 4008 de
880 3941 939 4008 div.
956 3947 988 4036 ΙΙ,
1010 3943 1060 4028 26,
1086 3937 1138 4010 55.

427 4045 532 4098 fectum
557 4049 671 4098 narrant
719 4043 807 4114 ionys.
844 4043 878 4098 A.
898 4044 929 4096 u.
951 4043 1024 4110 Vll,
1049 4043 1089 4096 68.
1110 4042 1151 4096 69.
1177 4043 1239 4098 Liv.
1257 4043 1299 4112 11,
1322 4042 1365 4098 36.

634 4099 638 4124 i

287 4043 483 4167 Pffiergoffl
501 4111 542 4164 tt.
570 4101 664 4166 Valet.
693 4108 805 4191 'ax.·I,
830 4109 854 4165 7.
881 4112 979 4182 hisque
1002 4109 1164 4165 auctoribus
1190 4096 1365 4192 referendpm

287 4187 331 4236 ost
353 4180 389 4237 sd
413 4196 438 4235 a.
462 4195 487 4234 a.
510 4196 537 4234 u.
565 4195 592 4234 c.
607 4180 665 4235 265.
705 4179 813 4234 Linum
840 4179 990 4235 manifesto
1018 4179 1130 4233 secutus
1160 4183 1205 4234 stt
1233 4176 1365 4236 Valentis
