3024 4870
789 336 811 426 l

243 535 371 620 poterit;
395 531 472 597 satis
495 536 543 595 est
564 530 657 614 scire,
686 529 760 594 inde
783 531 822 594 ab
845 540 980 597 exeunte
1002 534 1054 600 Vl.
1079 534 1207 600 demum
1228 550 1258 597 a.
1278 549 1306 596 u.
1329 545 1354 597 6.

243 621 370 687 6666616
393 638 464 681 eam
488 615 657 697 nominari,
691 623 723 678 et
744 615 869 699 quidem
893 618 988 698 duas,
1012 620 1183 685 Galdorum
1206 625 1238 682 et
1258 614 1356 680 Rufo-

244 727 323 782 rum,
344 702 489 785 familias,
507 711 672 784 utramque
686 701 850 783 plebeiam.
883 704 1042 786 Antipatri
1059 713 1164 770 autem
1179 719 1355 786 cognomen

243 797 368 875 praeter
388 788 472 851 hunc
494 787 620 851 Coelius
644 805 737 849 nemo
760 785 876 851 habuit.

329 877 477 956 Tempus,
500 889 562 951 quo
585 871 699 934 vixerit
719 871 753 934 L.
772 871 897 937 Goelius
916 874 1091 957 Antipater,
1114 876 1206 940 certis
1228 872 1355 954 quidem

243 978 399 1024 annorum
422 956 534 1021 finibus
558 977 621 1021 non
643 955 706 1018 iam
728 963 832 1038 potest
856 959 1083 1043 circumscribi,
1120 959 1178 1023 sed
1199 959 1291 1024 iacile
1315 956 1356 1021 66

245 1064 283 1108 66
305 1063 345 1107 ex
367 1049 508 1107 veterum
531 1042 717 1124 scriptorum
745 1041 822 1106 locis
853 1059 934 1121 quae
966 1044 1060 1126 plane
1087 1045 1243 1108 sufficiant
1272 1042 1356 1108 colli-

244 1138 368 1212 guntur.
403 1129 445 1190 Et
464 1125 600 1210 primurn
623 1125 750 1204 quidem
770 1126 1017 1214 luculentissima
1038 1129 1194 1208 quaedam
1215 1131 1355 1194 testimo-

247 1214 299 1278 nia
321 1214 469 1295 leguntur
487 1211 573 1294 apud
604 1211 667 1275 Cic.
690 1210 730 1273 de
756 1211 817 1276 div.
842 1213 875 1293 I,
903 1215 952 1278 26.
984 1221 1015 1277 et
1035 1213 1136 1281 Valer.
1156 1215 1240 1280 Max.
1262 1215 1293 1298 I,
1328 1213 1355 1277 i.

245 1318 387 1380 quorum,
412 1305 540 1361 narrato
560 1295 683 1359 somnio
707 1297 792 1374 quod
812 1297 846 1360 G.
871 1299 1014 1364 Graccho
1037 1318 1121 1363 anno
1143 1320 1170 1364 a.
1194 1319 1222 1363 u.
1244 1320 1269 1367 e.
1290 1297 1356 1362 fere

244 1385 315 1449 627.
338 1384 389 1446 vel
409 1389 504 1446 antea
527 1380 628 1446 visum
653 1389 750 1464 esset,
782 1382 875 1447 alter:
910 1383 1007 1466 „hoo‚
1035 1383 1154 1463 inquit,
1185 1393 1355 1465 antequam

244 1469 312 1537 trib.
334 1469 377 1550 pl.
399 1467 433 1532 G.
456 1466 616 1532 Gracchus
639 1465 741 1530 iactus
764 1475 861 1549 esset,
892 1475 923 1535 et
945 1487 980 1534 se
1002 1469 1129 1534 audisse
1150 1469 1257 1536 scribit
1278 1469 1356 1534 Goe-

243 1555 305 1620 lius
325 1560 356 1616 et
378 1549 496 1616 dixisse
519 1551 652 1632 multis‘,
675 1551 769 1616 alter:
791 1553 938 1636 „Goehus
961 1553 1056 1618 etiam
1076 1561 1178 1622 certus
1191 1556 1356 1620 Romanae

243 1639 393 1707 historiae
415 1643 523 1701 auctor
544 1655 721 1701 sermonem
745 1636 784 1698 de
805 1657 844 1700 ea
873 1659 907 1704 re
934 1639 977 1704 ad
1006 1659 1081 1704 suas
1111 1657 1204 1708 aures
1224 1639 1278 1704 illo
1300 1637 1356 1702 ad-

244 1725 305 1790 huc
327 1723 399 1788 vivo
421 1721 605 1805 pervenisse
627 1721 759 1786 scribit“.
794 1724 892 1788 Porro
915 1723 999 1788 idem
1017 1724 1130 1790 Cicero.
1148 1725 1188 1788 de
1209 1725 1269 1807 leg.
1293 1723 1356 1807 1,a

243 1817 412 1891 postquam
436 1808 606 1880 Catonem,
637 1807 785 1870 Pisonem
801 1809 823 1885 ¹)
861 1845 899 1855 —
931 1808 983 1888 qui
1010 1809 1118 1873 consul
1147 1809 1206 1873 luit
1234 1829 1261 1874 a.
1284 1809 1355 1872 621.

241 1913 354 1958 censor
375 1893 446 1958 634
476 1910 553 1972 ergo
577 1898 684 1972 natus,
715 1890 741 1954 si
761 1891 804 1954 ad
826 1890 930 1973 legem
953 1893 1080 1958 Villiarn
1107 1897 1253 1977 tempora
1271 1913 1356 1958 com-

243 1987 409 2062 putamus,
441 1983 525 2040 certe
555 1995 582 2040 a.
612 1977 682 2039 ais.
710 2013 769 2056 -,
805 1978 962 2041 Fannium
999 2017 1039 2027 -
1076 1989 1197 2058 quaest.
1227 1999 1255 2044 a.
1281 1977 1357 2044 615.

243 2071 342 2148 praet.
364 2061 435 2127 617.
459 2069 571 2123 natum
594 2060 689 2142 igilur
712 2060 753 2124 ad
773 2081 931 2126 summum
954 2085 982 2128 a.
999 2063 1069 2130 577.
1083 2101 1135 2146 —,
1157 2059 1355 2132 Vennonium

242 2141 434 2230 nominavit,
459 2145 556 2210 Coelii
579 2146 769 2210 mentionem
791 2147 840 2212 his
862 2148 965 2212 verbis
982 2147 1115 2214 inducit:
1145 2149 1281 2231 „Fannii
1301 2167 1356 2212 au·

244 2243 307 2300 tem
331 2241 435 2296 aetate
459 2231 641 2294 coniunctus
667 2231 832 2314 Antipater
853 2234 960 2314 paullo
989 2233 1110 2297 inflavit
1139 2233 1358 2298 vehementius

244 2326 276 2382 et
293 2337 322 2398 q.
346 2320 390 2381 s.“
422 2315 513 2394 eique
543 2314 732 2381 successisse
761 2316 835 2380 dicit
857 2318 1002 2384 Glodium
1025 2317 1189 2402 Licinium,
1204 2321 1247 2384 Ῥ.
1268 2319 1357 2384 8666-

244 2403 388 2488 pronium
419 2398 627 2472 Asellionem,
642 2401 667 2482 ²)
703 2408 827 2486 natum,
862 2410 896 2465 ut
925 2403 1060 2486 videtur,
1095 2425 1159 2468 non
1186 2404 1230 2470 ita
1261 2403 1358 2468 multo

244 2485 686 2576 66666590661666666,
724 2487 776 2552 vit.
800 2495 831 2550 et
853 2487 888 2552 ir.
914 2509 942 2554 u.
970 2487 999 2554 h.
1019 2489 1056 2554 R.
1089 2510 1143 2572 pg.
1166 2488 1250 2568 216).
1294 2489 1356 2553 Ec.-

245 2574 318 2637 dem
339 2571 434 2637 modo
464 2571 526 2634 Cic.
549 2571 589 2634 de
609 2591 654 2636 or.
675 2572 722 2653 Η,
758 2575 809 2640 12.
838 2581 910 2655 post
930 2575 1101 2654 Getonem,
1131 2573 1266 2639 Fabium
1288 2574 1358 2638 Pie

244 2665 359 2741 torem,
401 2657 548 2720 Pisonem
586 2663 749 2720 enumerat
789 2657 931 2722 Goclium
969 2676 1104 2740 eumque
1147 2658 1225 2723 dicit·
1261 2657 1359 2726 fuisse

246 2745 281 2811 L.
305 2741 414 2806 Licinii
436 2741 543 2805 Crassi
567 2742 632 2822 (qui
652 2741 779 2822 quidem
802 2741 895 2808 iratus
918 2749 966 2814 est
984 2765 1012 2808 a.
1035 2745 1106 2808 614.
1130 2751 1272 2812 mortuus
1287 2743 1359 2808 663.

249 2849 311 2894 cos.
335 2827 408 2905 659)
440 2824 638 2890 familiarem.
682 2828 757 2892 Jam
783 2848 858 2894 vero
888 2827 1059 2911 inBruto,
1091 2827 1167 2894 inde
1193 2850 1221 2896 a,
1251 2849 1276 2896 e.
1307 2829 1358 2911 21,

251 2985 459 2993 ..--.-.-.----

318 3049 336 3116 ¹)
356 3045 418 3102 Non
436 3047 475 3100 ita
493 3047 586 3116 magni
605 3045 737 3102 momenti
756 3051 813 3110 est,
832 3045 909 3115 quod
925 3046 1050 3110 Kranae,
1069 3046 1116 3100 vit.
1137 3047 1283 3116 etfragm.
1302 3051 1356 3101 vet.

248 3112 314 3170 hist.
331 3115 411 3170 Rom.
429 3133 475 3184 pg.
492 3116 549 3182 183,
565 3124 654 3183 urget,
673 3115 748 3184 quod
763 3115 793 3165 in
804 3113 901 3180 Brute,
919 3131 942 3166 c.
958 3115 1001 3181 ai,
1016 3121 1083 3184 post
1095 3115 1234 3170 Fannium
1248 3117 1358 3169 demum

248 3193 277 3240 et
295 3181 421 3239 Coelium
442 3186 449 3236 l
467 3185 505 3237 iso
529 3202 546 3236 a
572 3183 705 3238 Cicerone
729 3188 966 3238 commemoratur.
1004 3183 1034 3236 ls
1052 3183 1137 3250 enirn,
1159 3184 1285 3253 quamvis
1303 3183 1359 3236 illis

247 3251 346 3322 utique
363 3251 450 3308 maior
470 3257 538 3304 natu
555 3251 643 3306 fuisse
660 3252 796 3316 videatur,
814 3258 908 3304 tamen
923 3268 978 3306 non
995 3256 1075 3306 tauta
1087 3255 1189 3307 aetatis
1202 3251 1360 3308 differentia

247 3323 319 3376 intes
336 3336 383 3372 eos
395 3319 559 3384 intercessit,
576 3325 673 3376 utnon
689 3326 755 3389 post
767 3319 830 3372 illos
844 3336 877 3372 ac
887 3327 946 3374 tum
964 3320 1082 3387 demum,
1099 3319 1147 3374 ubi
1163 3323 1357 3390 quaestionum
1373 3355 1375 3360 ·

247 3394 447 3511 perpetuarum
458 3387 525 3467 trel,
538 3387 566 3440 id
585 3391 660 3466 quod
674 3390 823 3466 maximnm
836 3397 888 3452 est,
908 3388 952 3442 Ti.
963 3387 1084 3442 Gracchi
1100 3383 1131 3441 0.
1146 3405 1200 3457 que
1212 3387 1358 3456 Carbonis,

247 3460 294 3530 qui
316 3473 413 3510 cecum
432 3455 541 3510 Prsonrs
565 3455 682 3510 historia
704 3463 841 3508 artissume
860 3455 1033 3523 cohaereret,
1058 3458 1283 3512 commemoratio
1300 3457 1357 3511 ido-

245 3544 329 3582 neam
341 3524 401 3580 eius
414 3523 454 3578 rei
468 3524 642 3578 occasionem
656 3523 709 3577 sibi
723 3523 843 3589 offerret,
862 3525 922 3578 sine
933 3524 1155 3594 reprehensionis
1171 3531 1246 3580 metu
1259 3523 1357 3580 Cicero

247 3613 311 3650 eum
326 3609 470 3648 recensere
487 3597 592 3661 posset.
973 3607 976 3614 ’
1277 3619 1280 3628 ,

317 3666 337 3730 ²)
358 3661 437 3724 Quae
456 3661 567 3731 quidem
586 3655 671 3712 verba
690 3673 754 3712 cum
768 3657 850 3712 6666.
869 3658 968 3738 optimi
991 3659 1050 3718 lere
1072 3675 1168 3717 omnes
1190 3657 1231 3714 sie
1253 3658 1358 3728 scripta

248 3731 431 3801 praeberent:
452 3745 534 3798 „soce
553 3733 647 3782 autem
665 3743 825 3780 successere
844 3725 910 3779 burc
927 3727 1003 3782 bello
1016 3727 1139 3797 Clodius,
1156 3726 1272 3794 Asellio,
1288 3725 1358 3782 nihil

248 3801 285 3853 ad
303 3798 446 3865 Coelium,
472 3798 523 3851 666
539 3797 632 3868 potius
651 3795 688 3846 ad
706 3795 884 3864 antiquorum
903 3795 949 3851 lan
972 3811 1067 3850 uorem
1089 3803 1175 3867 atque
1197 3795 1359 3860 inscitiam“,

249 3869 278 3921 in
296 3864 409 3936 reliquis
430 3866 531 3934 „belli“
550 3867 703 3934 legeretur,
735 3863 901 3917 Guilielmus
925 3903 941 3933 „
970 3865 1055 3934 ellii“,
1081 3863 1256 3920 Passeratius
1274 3862 1358 3930 „Gel-

250 3936 320 3991 lius*
347 3934 522 3990 scribendum
542 3951 603 3988 esse
622 3939 791 3986 censuerunt
808 3948 912 4001 sosque
933 3935 1102 4003 posteriores
1120 3933 1242 3988 editores
1261 3945 1358 3986 omnes

247 4003 338 4060 secuti
352 4010 424 4057 sunt.
461 4003 536 4066 Quas
575 4001 667 4056 uidem
686 4000 854 4054 mutationes
892 4017 985 4056 rossus
1003 4003 1159 4060 reiciendas
1181 4015 1243 4054 esse
1259 4003 1358 4069 apest·

250 4071 345 4128 docuit
360 4069 537 4151 Nipperdey,
585 4069 660 4123 hilol.
679 4075 698 4121 t
718 4068 766 4122 Vl.
786 4086 832 4188 pp.
853 4018 923 4136 lde,
949 4071 994 4126 cui
1018 4071 1047 4123 in
1064 4069 1193 4125 omnihus
1214 4069 1300 4138 plane
1315 4083 1360 4122 st

249 4141 368 4208 sentior,
385 4139 450 4194 ursi
469 4139 543 4210 quod
561 4138 670 4208 „bello“
696 4137 806 4192 vocabu
818 4155 878 4204 um,
906 4146 1006 4212 utpote
1023 4138 1099 4212 quod
1117 4137 1221 4212 optime
1244 4136 1282 4198 ed
1299 4151 1358 4194 mm

249 4209 376 4292 quadret,
394 4208 490 4284 utique
508 4206 683 4268 retinendum
699 4203 766 4262 mihi
785 4206 902 4264 ridetur.
1336 4229 1340 4256 l
