3024 4870
681 335 721 404 1⁷

233 488 267 575 3)
290 491 416 558 Coelius
430 494 463 558 in
484 494 517 556 I:
542 493 722 576 Antequam
742 490 867 557 Barcha
884 491 1030 573 perierat,
1054 491 1107 557 alii
1129 489 1177 556 rei
1201 509 1259 558 cau

145 596 183 640 sa
201 575 234 640 in
255 575 394 642 Africam
414 577 537 642 missus.
582 577 678 642 Prisc.
699 577 788 661 XIII,
810 577 841 657 3,
862 578 903 639 12
926 576 986 655 (ed.
1009 577 1049 640 M.
1074 577 1194 656 Hertz).
1232 597 1236 602 ·

215 661 308 715 Antea
325 679 380 715 non
396 669 470 716 recte
485 662 616 743 legebant
633 667 694 742 „est
705 661 820 714 missus‘
840 666 867 714 et
886 660 939 714 hoc
953 662 1106 730 exemplum
1125 660 1265 732 quoddam

179 729 317 800 putabant
334 745 392 784 esse
412 731 581 784 traiectionis
599 730 673 783 illrus
690 731 845 796 verborum,
865 729 898 782 de
917 747 972 800 qua
989 729 1024 783 cf.
1043 730 1077 784 fr.
1097 732 1129 798 13
1145 759 1179 767 —
1195 726 1264 781 iniu-

179 799 220 851 rIa
236 798 278 851 illi
315 799 413 852 uidem.
432 829 466 838 -
485 798 670 853 Hamilcarem
687 798 804 852 Baream
826 803 853 852 et
870 797 899 849 in
917 797 970 850 hoc
988 803 1016 851 et
1033 798 1063 850 in
1080 813 1112 850 eo
1131 796 1205 867 quod
1223 811 1263 848 se·

179 865 274 936 quitur
318 872 445 937 agmento
461 867 675 937 intellegendum
694 884 753 920 esse
771 872 983 920 consentaneum
1001 871 1050 920 est.
1069 866 1217 919 Praeterea
1242 864 1265 915 si

179 941 253 988 recte
270 934 372 1004 Nauta,
390 954 435 1007 pg.
454 937 505 1003 21,
522 936 565 988 his
577 934 666 988 verbis
676 933 861 988 Hannibalem
872 934 895 987 si
917 934 1022 988 nificari
1040 934 1157 1004 putarit,
1177 933 1205 985 id
1225 931 1264 984 sic

180 1003 346 1073 explicemus
367 1008 486 1074 oportet,
508 1009 540 1056 ut
562 1003 702 1072 Coelium,
719 1021 781 1057 cnm
799 953 985 1056 Hannifialem
1009 1002 1098 1070 alteri,
1117 1007 1264 1072 postquam

180 1087 249 1192 pluedr
268 1088 337 1191 curiliz
346 1079 427 1152 patre
443 1070 471 1124 in
487 1071 540 1132 ¹His
560 1071 1140 1193 ³m³m1⁸e·⁰⁰1¹,¹t¹}¹1i⁵⁵{t’E⁰ftzam3¹¹⁸em
1158 1070 1265 1122 demum

181 1146 498 1275 satisfit-‘isset
509 1145 857 1279 irsssildd⁰lrinaii
876 1147 1266 1273 {tardissimis

181 1274 291 1345 quidem
314 1277 484 1330 narrationes
507 1277 605 1330 ambae
622 1276 799 1330 inveniuntur
823 1276 898 1345 apud
919 1275 979 1329 Liv.
1005 1276 1090 1343 XXI,
1117 1278 1140 1328 I.
1158 1222 1221 1327 cofl.
1242 1287 1265 1324 c.

181 1347 222 1398 21.
241 1342 335 1411 XXX,
358 1345 398 1398 37.
418 1346 459 1398 38.
478 1345 599 1412 XXXV,
621 1348 653 1398 19
674 1350 710 1398 et
726 1345 806 1410 XXI,
826 1347 851 1397 3.
869 1346 899 1398 4..
911 1375 945 1383 —
963 1361 1010 1398 eas
1028 1343 1146 1397 fortasse
1165 1341 1204 1394 sic
1224 1340 1264 1392 in-

181 1417 224 1463 ter
242 1425 271 1462 se
283 1411 457 1466 coniunxisse
468 1419 629 1479 statuamus,
645 1418 676 1465 nt
688 1413 875 1466 Hannibalem
886 1413 922 1467 ab
933 1413 1099 1478 Hamilcare,
1116 1417 1266 1480 antequam

182 1478 206 1529 is
225 1483 385 1546 moreretur,
404 1480 521 1532 alicuius
539 1480 581 1532 rei
598 1497 683 1533 causa
698 1499 792 1535 rursus
811 1481 839 1532 in
856 1481 982 1534 Africam
1006 1498 1064 1535 esse
1089 1480 1202 1532 missum
1225 1476 1265 1529 di-

182 1549 269 1608 ceret3
306 1545 416 1599 Livium
434 1554 525 1600 autem
543 1547 596 1599 hoc
610 1549 771 1617 neglexisse.
807 1548 849 1601 cf.
865 1549 959 1616 Peter,
982 1549 1000 1600 l.
1024 1550 1044 1602 l.
1061 1565 1107 1618 pg.
1127 1547 1151 1600 9.
1169 1577 1204 1585 -
1222 1545 1265 1597 De

180 1612 303 1684 genitivo
320 1613 449 1667 adiectivi
466 1615 537 1667 alius
560 1620 766 1684 ceterorumque
787 1615 915 1668 similium
939 1616 974 1668 cf.
991 1617 1078 1668 Prisc.
1095 1617 1113 1669 1.
1131 1615 1150 1668 l.
1170 1619 1199 1667 et
1217 1612 1266 1681 VI,

180 1685 205 1750 ι,
222 1682 263 1734 ac.
283 1681 323 1749 16,
340 1683 381 1734 aa.
403 1683 466 1750 vn,
484 1687 508 1750 s,
526 1683 567 1735 ao.
585 1683 620 1736 cf.
641 1683 740 1752 fragm.
758 1685 784 1735 r.
804 1685 846 1736 rr.
1182 1707 1185 1712 ·

227 1751 260 1829 4)
284 1749 409 1815 Ocelim
431 1751 463 1814 in
484 1753 514 1816 l:
532 1770 635 1836 neque
648 1751 708 1835 ipsi
729 1770 783 1817 eos
796 1751 848 1814 alii
864 1751 949 1816 modi
962 1769 1032 1816 esse
1054 1757 1149 1836 atque
1162 1747 1261 1812 Amil-

144 1853 199 1900 car
221 1833 301 1899 dixit
323 1836 491 1902 ostendcre
510 1843 644 1919 possunt
666 1836 763 1902 aliter.
787 1837 884 1902 Prisc.
905 1836 926 1903 l.
944 1837 963 1900 l.

230 1920 262 1997 5)
292 1919 419 1986 Coelius
447 1923 479 1984 in
511 1921 671 1985 annalium
701 1921 780 1986 libro
796 1921 834 1987 I:
860 1919 958 2002 legati
987 1941 1048 2005 quc
1079 1919 1267 1985 missisunt

146 2002 284 2082 veniunt,
307 2003 457 2068 dedicant
476 2004 635 2068 mandata.
679 2005 761 2068 Non.
784 2006 824 2070 Il.
846 2027 899 2086 pg.
923 2007 1093 2069 230Merc.
1110 2006 1169 2084 (ed.
1187 2005 1266 2067 Ger-

147 2085 343 2172 lach-Roth).
1123 2113 1126 2120 ’

213 2171 299 2225 Godd.
318 2171 496 2239 „Caecilius.“
514 2171 598 2226 Haud
614 2189 677 2225 raro
698 2190 731 2227 ea
748 2170 858 2226 nomina
874 2187 891 2223 a
908 2171 1028 2224 librariis
1045 2172 1116 2224 inter
1140 2187 1167 2222 se
1193 2186 1264 2222 com-

179 2244 286 2293 mutata
304 2245 376 2306 sunt,
393 2239 441 2292 sed
460 2256 521 2290 cun
541 2241 679 2294 Caecilius
694 2240 799 2295 Statius
819 2271 849 2277 -
866 2255 900 2292 ne
920 2239 1070 2294 Caecilimn
1090 2239 1264 2294 Calactinum

177 2307 313 2362 rhetorem
322 2306 461 2360 Graecum
481 2324 688 2362 commemorem
705 2341 747 2378 -,
761 2308 870 2363 etiamsi
887 2308 916 2360 in
934 2307 1012 2361 libris
1029 2309 1140 2377 legatur
1157 2307 1264 2376 „C[alc-

177 2375 256 2444 lius“,
275 2375 432 2430 comoediae
452 2374 533 2428 titulo
551 2377 595 2430 vel
614 2395 694 2430 versu
714 2376 842 2447 apposito
861 2376 953 2428 statim
971 2382 1149 2446 agnoscatur,
1167 2381 1263 2428 contra

178 2444 309 2498 hocloco
328 2450 356 2498 et
373 2443 436 2496 aliis
458 2443 601 2512 similibus,
619 2445 668 2498 ubi
685 2446 713 2496 in
727 2446 805 2497 codd.
817 2443 948 2511 scriptum
960 2444 1116 2498 inveniatur
1132 2442 1263 2512 „C[a]cci-

177 2512 232 2564 lius
249 2512 444 2566 historiarum“
477 2512 522 2564 vel
540 2511 587 2578 ,C.
606 2513 746 2566 annalium
764 2513 836 2566 libro
854 2550 860 2562 .
880 2553 885 2563 .
906 2514 930 2564 .“
948 2512 992 2564 vel
1015 2512 1103 2564 simile
1120 2511 1260 2580 quiddam,

178 2580 326 2634 manifesto
356 2596 462 2650 semper
487 2580 521 2632 de
547 2552 581 2633 ir.
611 2580 704 2634 Coelio
728 2580 878 2651 Antipatro
905 2579 1083 2648 cogitandum
1117 2586 1171 2644 cst3
1212 2594 1261 2630 nec

178 2648 451 2772 omninobpuidquam
463 2665 495 2702 ea
507 2665 549 2702 res
561 2647 734 2702 difficultatis
750 2648 958 2704 habet-dure
978 2652 1077 2709 autem,
1095 2653 1126 2698 ut
1143 2646 1210 2698 mihi
1223 2645 1261 2698 vi-

179 2718 266 2784 detur,
313 2723 380 2770 auta
395 2717 464 2771 hacc
481 2716 565 2770 verba
583 2716 727 2772 referenda
743 2735 802 2771 esse
818 2717 927 2787 putavit
951 2717 987 2769 ad
1010 2717 1116 2784 legatos
1135 2713 1197 2766 illos
1221 2714 1257 2767 ad

177 2783 363 2838 Hannibalem
380 2784 584 2854 exposcendum
601 2792 658 2852 aut,
678 2786 700 2839 si
718 2786 770 2838 hoc
788 2803 843 2840 non
858 2786 1050 2854 impetrarent,
1069 2783 1171 2837 bellum
1189 2782 1257 2834 indi-

178 2853 293 2906 cendum
313 2869 331 2905 a
347 2853 479 2906 Romanis
496 2853 679 2923 Kartaginem
696 2855 801 2914 missos,
819 2853 880 2906 coll.
898 2853 979 2920 Livii,
996 2852 1085 2918 XXI,
1105 2853 1146 2918 18,
1170 2849 1261 2903 verbis

178 2921 326 2974 admodum
351 2921 494 2975 similibus.
512 2921 558 2973 Ad
567 2939 651 2989 quam
661 2921 836 2990 legationem,
854 2921 877 2973 si
886 2937 976 2973 rerum
993 2937 1093 2972 nexum
1111 2925 1194 2988 atque
1211 2918 1260 2969 im-

195 2989 352 3044 licationem
370 2995 398 3042 et
409 2991 547 3044 orationes
558 3004 575 3040 a
586 2987 723 3041 veteribus
737 2989 924 3059 scriptoribus,
941 2994 969 3041 et
986 2987 1102 3040 maxime
1123 2986 1260 3054 quideme

175 3006 256 3111 frisio
272 3057 390 3111 traditas
409 3056 623 3123 consideremus,
653 3056 735 3110 etiam
753 3057 852 3126 fragm.
871 3057 895 3109 6.
913 3062 941 3108 et
961 3057 984 3107 7.
1007 3054 1141 3122 pertinere
1162 3051 1261 3120 proba·

176 3124 232 3178 bile
250 3132 299 3193 est,
320 3155 352 3163 -
371 3123 489 3176 fortasse
509 3123 591 3176 etiam
608 3141 694 3176 unum
714 3125 865 3178 alterumve
883 3141 916 3176 ex
934 3123 981 3189 eis,
998 3138 1070 3191 quae
1089 3126 1149 3172 tum
1167 3119 1259 3172 statim

176 3194 264 3260 posui,
282 3191 437 3246 orationum
456 3191 627 3261 fragmentis.
646 3221 679 3230 —
697 3191 833 3245 Dedicare
852 3191 975 3260 proprie,
999 3195 1069 3242 teste
1095 3187 1259 3242 Paul-Fest.

175 3277 221 3328 pg.
241 3260 274 3312 70
291 3258 380 3325 Miill,
402 3265 444 3312 est
462 3259 577 3311 dicendo
598 3259 712 3314 deferre.
747 3260 829 3313 Unde
855 3259 956 3328 duplex
978 3264 1075 3328 postea
1093 3255 1259 3328 significatis

177 3333 237 3379 orta
253 3331 306 3379 est:
325 3326 412 3379 altera
422 3357 455 3364 —
469 3344 539 3396 quae
552 3327 675 3396 proxime
692 3327 728 3380 ad
740 3327 816 3380 illam
834 3327 948 3381 accedat
965 3333 992 3379 et
1013 3327 1088 3396 apud
1104 3325 1187 3395 prisci
1206 3341 1259 3377 ser·

175 3393 264 3448 monis
282 3400 416 3461 auctores,
434 3395 550 3447 Accium
563 3393 609 3462 (cf.
624 3395 694 3449 Non.
711 3395 728 3448 l.
748 3395 876 3465 l.),Lucr.
894 3395 917 3463 I,
934 3393 1259 3461 367.111,20uetApu-

175 3461 258 3515 leium
274 3463 436 3530 inveniatur,
454 3479 537 3532 quam
558 3462 667 3531 quidem
687 3462 817 3517 hocloco
835 3463 977 3530 habemus,
994 3493 1029 3502 —-
1046 3459 1178 3530 „dicendi
1195 3473 1258 3528 ape-

176 3530 275 3598 riendi,
297 3531 479 3600 explanandi“
505 3530 608 3598 altera,
637 3547 708 3600 quae
725 3539 822 3600 postea
841 3531 900 3583 sola
923 3531 951 3584 in
980 3547 1032 3582 usu
1051 3528 1112 3595 fuit,
1130 3542 1258 3597 „munera

178 3597 220 3649 dis
237 3599 439 3652 consecrandi.“
474 3571 601 3652 &etenum
620 3616 681 3652 cum
698 3616 749 3668 pro
767 3601 819 3653 hoc
836 3600 928 3665 verbo,
946 3598 1072 3650 dlittera
1095 3597 1124 3648 in
1143 3597 1153 3647 l
1170 3601 1257 3647 muta·

177 3670 215 3732 ta,
239 3666 390 3733 „delicare“
415 3672 520 3719 veteres
538 3666 660 3736 posuisse
681 3667 804 3736 legerent
821 3667 896 3738 apud
913 3667 986 3719 Fest.
1006 3683 1052 3735 pg.
1075 3663 1117 3720 70.
1136 3663 1176 3716 73.
1196 3662 1259 3715 coll.

177 3731 248 3787 Non.
268 3731 297 3786 Π
324 3751 370 3803 pg.
388 3733 429 3786 98.
449 3733 498 3802 IV,
525 3752 571 3804 pg.
594 3736 652 3802 277,
677 3738 761 3787 etiam
787 3734 916 3787 hocloco
936 3734 1053 3788 editores
1070 3730 1196 3782 nonnulli
1219 3730 1258 3784 sic

177 3773 351 3880 scribendum
369 3818 427 3880 esse
442 3807 589 3880 putarunt,
612 3818 667 3868 qua
685 3802 837 3854 mutatione
853 3818 903 3853 nec
914 3817 983 3870 opus
997 3817 1055 3854 esse
1065 3815 1114 3851 nec
1126 3797 1184 3851 nlla
1197 3813 1258 3852 eam

176 3874 341 3921 auctoritate
359 3873 410 3921 mtr
425 3868 507 3920 facile
521 3869 637 3950 quisque
656 3869 794 3938 perspicit.

227 3937 258 4018 6)
282 3937 408 4002 Coelius
432 3937 540 4001 annah
560 3935 609 3999 lib.
631 3935 663 4000 I:
692 3955 763 3999 cum
794 3937 861 4000 iure
887 3937 956 4000 sine
977 3933 1116 4018 periculo
1140 3933 1256 3999 bellum

145 4021 213 4103 geri
211 4029 405 4160 Vpoteratur.
428 4021 511 4087 Non.
531 4021 572 4086 X.
592 4040 644 4102 pg.
667 4018 740 4086 508.

239 4107 335 4161 erbum
354 4124 435 4177 posse
452 4124 514 4160 cum
539 4103 675 4160 infinitivo
692 4105 795 4175 passivi
813 4104 1002 4174 coniunctum,
1027 4103 1256 4176 quemadmodum

182 4174 303 4245 coepisse
323 4177 437 4234 verbum
457 4175 541 4230 edam
556 4179 653 4245 postea
670 4189 775 4246 semper
791 4173 917 4231 adhiberi
937 4175 1039 4246 potuit,
1064 4189 1082 4224 a
1097 4170 1181 4240 prisci
1192 4187 1256 4234 ,ser-

1050 4260 1063 4299 a
