3024 4870
779 315 832 388 3⁴6¹.

330 495 400 558 Iam
422 505 496 556 vero
518 485 561 553 ad
581 488 762 572 fragmenta
782 490 940 571 quaedam
953 491 1169 560 accedendum
1191 495 1283 568 noble
1304 507 1367 584 est,

248 597 330 664 quae
352 599 373 642 a
394 579 429 643 L.
453 572 560 640 Coelio
583 573 692 654 utique
714 574 791 638 mihi
813 575 1024 644 abiudicanda
1046 580 1221 648 videantur.

329 663 371 728 Et
393 660 530 748 primum
550 658 677 740 quidem
700 659 786 742 apud
805 661 944 726 Nonium
968 663 1048 730 haec
1067 667 1234 749 leguntur:

330 749 385 826 IV,
417 765 473 829 pg.
493 745 572 809 405:
609 743 735 809 Coelius
756 746 864 809 annali
887 747 937 816 lib.
958 753 990 813 I:
1024 770 1062 815 ea
1091 751 1197 816 Latini
1225 752 1366 820 subnixo

248 834 353 900 animo
378 851 419 896 ex
440 829 573 895 victoria
594 828 686 892 inerti
708 829 872 894 consilium
894 832 1021 919 ineunt;
1047 873 1084 883 -

330 925 358 1000 1,
379 937 434 1000 pg.
454 916 494 979 87
505 939 511 978 :
547 912 672 978 Coelius
699 913 808 978 annali
829 916 879 980 lib.
902 921 936 981 I:
958 920 1055 986 armis
1082 925 1114 986 et
1135 940 1254 1003 magno
1278 940 1367 986 com-

248 1010 355 1069 meatu
376 1007 407 1066 et
427 998 550 1084 praeda
571 998 694 1080 ingenti
716 999 896 1084 copiantur;
927 1041 956 1049 -⁶
1197 1021 1199 1026 ·

331 1092 380 1170 ΙΙ,
410 1107 463 1169 pg.
489 1085 563 1149 129:
600 1082 724 1148 Coelius
748 1085 856 1149 annali
878 1085 932 1152 lib.
952 1089 985 1151 I:
1021 1107 1111 1152 arma
1140 1082 1283 1172 plerique
1306 1091 1367 1154 ab·

245 1173 343 1240 iciunt
364 1177 460 1253 atque
480 1168 631 1234 inhermis
652 1168 685 1234 in
706 1168 844 1235 latebras
867 1191 902 1236 se
922 1170 1130 1258 inlatebrant;

329 1279 372 1355 II,
393 1292 446 1354 pg.
469 1272 549 1335 1132
571 1269 696 1335 Coelius
717 1270 770 1336 lib.
788 1275 822 1333 ΙΙ
841 1276 917 1348 (non
937 1277 1022 1336 recte
1041 1273 1137 1356 vulgo
1158 1272 1210 1340 lib.
1225 1277 1285 1355 I.):
1304 1271 1366 1336 do-

246 1375 317 1422 mus
337 1375 413 1421 suas
433 1373 589 1437 quemque
612 1355 658 1420 ire
679 1354 766 1419 iubet
787 1360 818 1418 et
840 1373 899 1420 sua
921 1356 1028 1421 omnia
1048 1357 1194 1441 frunisci3
1215 1394 1257 1404 -

331 1457 389 1522 sed
412 1455 525 1520 eadem
548 1476 568 1520 a
591 1455 692 1520 Gellio
715 1455 826 1536 XVII,
860 1457 891 1526 2.
919 1456 1001 1524 inter
1030 1459 1131 1524 multa
1160 1457 1226 1525 alia
1256 1477 1274 1522 e
1303 1455 1366 1533 Qu.

249 1542 374 1608 Claudii
396 1540 600 1622 Quadrigarii
620 1540 722 1625 primo
743 1541 852 1604 annali
871 1553 999 1626 sumpta
1018 1549 1246 1627 proponuntur.
1269 1541 1367 1607 Unde

249 1627 428 1712 quicunque
442 1626 525 1692 Gelli
546 1626 566 1696 l.
588 1626 608 1690 l.
630 1626 752 1708 legerit,
775 1625 851 1706 quin
872 1632 926 1690 aut
937 1627 1059 1693 Nonius
1076 1667 1114 1675 -
1128 1628 1155 1693 si
1176 1627 1270 1692 simul
1292 1644 1368 1691 con-

247 1713 392 1780 siderarit
417 1713 566 1794 quatere
588 1711 709 1775 ratione
743 1711 944 1792 grammatici
972 1713 1163 1794 posteriores
1193 1729 1367 1794 eorumque

247 1801 280 1864 in
302 1799 363 1862 hac
384 1817 419 1861 rc
439 1795 525 1859 haud
542 1796 669 1860 infimus
689 1794 813 1862 Nouius
835 1794 922 1860 locos
945 1816 1024 1876 quos
1045 1802 1199 1879 tanquam
1215 1795 1365 1879 exempla

247 1884 380 1946 afferent
402 1878 585 1961 collegerint
605 1915 648 1926 -
666 1896 737 1942 oum
760 1881 802 1942 dc
828 1897 916 1944 more
937 1897 993 1946 suo
1011 1881 1148 1947 Gellium
1171 1885 1362 1965 excerperet,

248 1971 303 2034 ant
324 1963 442 2030 librarii
463 1961 651 2042 erraverint,
691 1963 835 2029 dubitare
853 1981 928 2030 'non
950 1966 1075 2050 poterit.
1114 1965 1255 2052 Accedit,
1279 1964 1366 2048 quod

249 2053 329 2117 haec
349 2051 530 2134 fragmenta
552 2047 659 2112 omnia
680 2048 724 2112 ad
745 2053 892 2133 tempora
908 2052 1032 2116 Romae
1054 2072 1111 2136 per
1129 2051 1240 2117 Gallos
1261 2049 1365 2116 incen-

250 2137 301 2202 dio
323 2136 495 2219 superiora,
518 2133 709 2215 minimeque
728 2134 770 2198 ad
794 2135 909 2199 bellum
924 2137 1078 2202 Punicum
1091 2137 1265 2202 secundum
1285 2136 1364 2201 refe-

249 2221 349 2285 renda
373 2239 459 2301 esse,
497 2219 599 2284 omnis
621 2238 685 2299 qua
703 2218 823 2284 Gellius
854 2239 892 2284 eo
923 2220 992 2284 loeo
1013 2221 1181 2286 Claudium
1207 2221 1363 2304 excerpsit

249 2303 330 2370 ratio
343 2310 374 2369 et
384 2323 446 2384 quo
459 2301 602 2383 singulas
613 2301 786 2368 sententias
797 2305 962 2388 proposuit
970 2307 1047 2370 ordo
1056 2307 1134 2372 satis
1143 2311 1254 2390 aperte
1262 2305 1361 2370 docet.

333 2402 457 2470 Deinde
483 2402 566 2468 inter
590 2403 626 2468 L.
658 2401 758 2467 Coelii
782 2404 930 2487 reliquias
956 2407 1092 2475 editores
1123 2427 1234 2474 omnes
1263 2407 1362 2474 verba

251 2491 330 2556 haec
351 2493 533 2574 posuerunt,
557 2508 640 2570 quae
660 2494 733 2554 sunt
745 2488 833 2574 apud

335 2592 398 2658 Cio.
421 2590 462 2657 de
483 2610 526 2656 or.
549 2596 608 2674 III,
630 2586 681 2669 38,
701 2590 779 2658 153:
800 2591 933 2676 „Neque
952 2593 1036 2658 enim
1057 2592 1134 2658 illud
1157 2593 1293 2676 tugerim
1317 2590 1362 2656 di·

252 2699 336 2765 cere‚
371 2683 406 2742 ut
429 2674 571 2741 Coelius:
604 2674 677 2751 Qua
698 2680 887 2759 tempestate
908 2679 1035 2743 Poenus
1056 2678 1089 2743 in
1110 2679 1239 2745 Italiam
1267 2677 1361 2762 venit,

251 2783 310 2830 uec
330 2762 454 2846 prolem
475 2765 531 2823 aut
552 2759 694 2825 subolem
716 2766 772 2824 aut
793 2761 881 2826 effari
899 2768 954 2826 aut
973 2764 1157 2850 nuncupari,
1179 2770 1251 2845 aut,
1270 2769 1305 2828 ut
1327 2767 1362 2827 tu

251 2849 343 2933 soles,
367 2840 486 2931 Catule,
511 2850 543 2908 et
563 2864 594 2928 q.
615 2847 661 2912 s.“
678 2881 722 2892 -

336 2955 367 3014 et
387 2948 457 3032 ipse
486 2946 518 3010 in
540 2966 580 3010 ea
602 2947 758 3012 sententia
778 2946 839 3025 fui,
870 2946 972 3012 donec
992 2949 1169 3015 accuratius
1189 2951 1295 3015 locum
1315 2949 1362 3014 in-

249 3035 350 3100 tuenti
370 3032 628 3118 persuaderetur,
670 3031 804 3095 hicnon
826 3031 862 3096 L.
885 3032 1028 3096 Coelium
1049 3034 1266 3120 Antipatrum,
1305 3033 1362 3099 sed

250 3119 355 3203 potius
378 3119 412 3184 C.
434 3117 575 3182 Coelium
592 3115 726 3180 Caldum
749 3115 928 3198 significari.
963 3119 1048 3183 Nam
1069 3124 1100 3184 ot
1121 3120 1248 3185 omnino
1271 3118 1362 3184 Cras-

250 3223 315 3288 sus,
338 3205 396 3270 sub
409 3205 498 3267 cuius
509 3220 647 3286 persona
668 3200 773 3285 ipsum
786 3199 968 3266 Ciceronem
987 3202 1087 3268 latere
1109 3205 1202 3270 facile
1224 3223 1361 3287 agnove-

250 3288 302 3374 ris,
327 3288 370 3352 ad
390 3293 531 3353 oratores
553 3285 773 3352 tantummodo
796 3284 1011 3369 orationisque
1029 3288 1118 3372 leges
1135 3289 1262 3373 respicit
1277 3288 1362 3354 -id

252 3373 337 3458 quod
360 3372 401 3437 ad
424 3371 583 3438 orationes
612 3392 633 3435 a
653 3370 691 3436 L.
716 3369 823 3434 Coelio
842 3370 875 3434 in
897 3391 994 3455 opere
1015 3392 1072 3440 suo
1095 3375 1229 3459 scriptas
1249 3375 1363 3439 referre

251 3459 305 3524 vix
328 3459 496 3541 quisquam
517 3474 613 3520 ausus
636 3455 677 3520 sit
708 3491 750 3503 -
779 3460 810 3518 ct
829 3457 996 3524 manifesto
1022 3459 1065 3524 ad
1094 3459 1253 3525 hominem
1281 3477 1361 3536 eum,

251 3545 306 3626 qui
324 3564 389 3609 non
411 3547 514 3626 antea,
537 3540 721 3624 interposito
735 3538 812 3604 satis
832 3540 928 3626 longo
946 3543 1096 3627 temporis
1108 3544 1283 3628 intervallo,
1305 3543 1360 3610 sed

251 3649 288 3694 eo
311 3629 381 3714 ipso
404 3629 486 3713 fere,
511 3645 572 3709 quo
594 3626 674 3690 haee
693 3624 885 3712 dicerentur,
908 3633 1051 3712 tempore
1071 3629 1133 3694 illis
1154 3628 1361 3694 locutionibus

253 3734 330 3780 usus
352 3715 474 3797 sibique
494 3711 586 3794 quasi
608 3708 752 3792 aequalis
774 3716 871 3792 atque
893 3713 1057 3778 etiamtum
1081 3719 1156 3779 ante
1178 3715 1285 3780 oculos
1307 3733 1361 3798 po-

253 3797 331 3864 situs
354 3807 445 3864 esset.
483 3797 638 3879 Dialogus
660 3801 766 3861 autem
789 3796 829 3860 dc
854 3804 979 3863 oratore
997 3799 1122 3865 habitus
1145 3819 1216 3865 esse
1236 3799 1362 3882 fingitur

251 3883 379 3948 ineunte
401 3904 430 3950 a.
453 3883 525 3966 663,
547 3895 579 3946 et
600 3879 632 3947 C.
657 3880 782 3946 Coelius
802 3881 929 3965 Caldus,
952 3902 1046 3965 quem
1067 3884 1136 3969 ipse
1157 3883 1290 3950 Crassus
1311 3903 1362 3968 ap,

254 3967 316 4035 Cic.
340 3968 380 4033 de
399 3987 443 4033 or.
466 3975 489 4049 I,
514 3968 566 4032 25.
589 3967 755 4048 aequalem
776 3967 934 4051 appellat,
965 3970 1074 4035 consul
1094 3969 1153 4034 fuit
1174 3990 1203 4036 a.
1225 3971 1298 4034 660.
1321 4005 1360 4017 -

250 4053 347 4136 igitur
366 4052 420 4116 illo
443 4050 583 4116 maxime
606 4057 748 4138 tempore
768 4051 872 4118 floruit
890 4091 931 4102 -
950 4060 983 4119 et
1001 4056 1081 4121 bene
1100 4053 1260 4120 Ciceronis
1280 4071 1360 4136 quae
1497 4079 1498 4086 ¹

251 4144 325 4207 sunt
344 4139 385 4204 dc
407 4157 444 4203 eo
466 4135 583 4204 iudicia
612 4138 665 4220 (de
686 4158 731 4206 or.
752 4144 778 4223 I,
801 4140 851 4208 25.
879 4141 967 4208 Brut
985 4141 1040 4224 45)
1068 4159 1139 4207 cum
1164 4140 1213 4208 his
1227 4138 1365 4210 conium
1497 4147 1498 4154 ’
