3024 4870
666 305 724 398 vIi

179 502 370 576 gradationem
389 499 528 573 quandam
547 496 669 572 uoebist
693 531 725 546 ·-
737 522 740 531 ¹
751 518 808 576 qua
828 505 921 558 16666
942 501 952 556 1
972 518 1031 557 sam
1051 496 1127 553 illius
1138 493 1264 580 ‘hominis

180 590 325 644 personam
343 571 432 642 magis
447 585 473 622 m
556 591 592 630 ue
607 573 747 630 immutari
766 578 854 641 aaut
871 572 912 626 116
926 571 1035 639 droam,
1054 571 1262 624 6166161616-

183 643 278 698 cedere
296 639 367 694 bene
384 588 588 697 monuiigfflon
605 644 640 697 de
659 641 920 722 0166661,.ρς.480;
944 635 1264 710 ,11661666666661161

183 717 211 765 et
229 709 382 776 militaires,
405 708 434 761 la
454 711 549 779 parole
567 711 651 766 breve
670 715 698 766 et
715 711 829 765 incisive
849 710 887 766 du
918 707 998 764 rieux
1016 720 1180 763 censcur·so
1202 708 1265 759 sont

183 779 247 850 ddja
264 784 341 832 tram
359 775 477 831 fornaces
499 779 565 848 (scil
588 779 655 834 chen
673 779 793 844 Coelius)
816 796 851 834 en
869 795 924 842 666
943 775 1055 860 periode
1073 788 1128 846 quc
1145 771 1264 828 lautam

181 847 298 904 cherche
314 846 332 900 a
349 845 484 900 cadencer
510 848 544 903 de
569 866 619 904 son
640 847 750 916 nrieurr.¹
772 845 811 904 Co
840 849 1074 902 travestrssement
1097 847 1139 898 est
1162 839 1263 922 ponuat

182 917 327 985 beaucoup
361 913 406 967 lus
423 915 481 968 loin
499 917 568 971 dans
586 919 613 973 le
628 917 698 972 rdcit
715 917 749 971 de
769 916 915 972 Tite-Live
933 956 940 969 .
960 956 966 973 .
985 955 991 967 .
1012 954 1018 966 .
1052 909 1132 970 Dans
1149 927 1181 964 ce
1194 913 1264 990 66611

182 984 245 1039 l'art
262 985 327 1038 dtou
350 999 365 1037 6
384 982 414 1036 la
430 984 517 1040 verite
534 987 582 1040 des
601 985 761 1041 caracteres.
791 983 835 1040 La
851 984 963 1056 periodo
981 988 1023 1038 est
1035 977 1156 1052 pertrita
1163 996 1178 1058 ς,
1193 994 1263 1032 mols

184 1053 332 1108 Maharbal
351 1050 420 1105 n'est
440 1053 504 1174 plus
523 1055 607 1125 qu'un
625 1056 838 1126 presomptueux
857 1051 1029 1127 officientqui
1047 1052 1113 1108 veut
1140 1045 1211 1104 folro
1235 1044 1265 1103 lo

186 1121 266 1188 lacon
285 1121 302 1173 ia
320 1137 368 1174 son
385 1119 439 1189 gdn

627 1207 696 1268 tib.
715 1206 779 1270 111.

238 1291 289 1366 11)
314 1291 439 1358 Coelius
458 1294 565 1359 annali
587 1295 640 1360 lib.
662 1299 728 1360 III:
750 1295 923 1379 imperator
943 1264 1121 1358 conclamat
1141 1288 1181 1354 de
1199 1307 1264 1354 rne-

151 1377 203 1440 dio
226 1376 384 1441 auclitatis
405 1378 438 1441 in
460 1379 584 1446 sinistro
607 1399 704 1446 cornu
725 1385 957 1458 removeantur,
979 1375 1079 1443 Gaffis
1099 1372 1264 1452 6661611-

154 1460 245 1526 tatim
268 1460 471 1528 immituntur.
507 1467 595 1531 Non.
615 1471 658 1545 Π,
680 1487 735 1551 pg.
758 1467 809 1532 98.

232 1545 338 1600 Annali
354 1553 427 1602 recte
444 1549 553 1619 scripsit
569 1551 688 1604 Rothius
705 1569 755 1621 pro
779 1567 811 1606 eo
834 1549 909 1621 quod
931 1547 962 1602 in
982 1544 1065 1600 codd·
1085 1549 1135 1625 ost·
1148 1544 1263 1623 annalis.

187 1613 296 1668 Deinde
315 1615 389 1685 quod
405 1633 437 1670 ex
454 1617 566 1672 Bentini
584 1619 743 1673 coniectura
763 1619 847 1690 vulgo
866 1614 996 1673 scribitur
1019 1619 1067 1681 „ut
1082 1613 1180 1668 velites
1198 1629 1214 1667 6
1231 1630 1264 1666 sr-

187 1681 277 1764 nistro
296 1687 616 1768 666666161668666
634 1694 708 1742 certe
723 1687 848 1743 veritatis
867 1683 985 1756 speciem
999 1681 1195 1762 habebuntque
1213 1697 1266 1803 ego

130 1803 131 1806 ,
187 1765 307 1804 ommum
326 1768 444 1808 maxrme
459 1755 647 1825 recipiendum
664 1756 799 1825 existimo,
816 1773 879 1810 cum
894 1753 1035 1808 Mercerus
1052 1751 1191 1819 scripserat
1214 1789 1229 1817 „
1250 1766 1266 1802 e

188 1819 280 1873 media
297 1820 364 1888 acie,
382 1822 476 1876 statim
495 1841 510 1878 c
527 1823 637 1879 sinistro
655 1826 737 1879 6611.“
766 1824 861 1879 Facile
880 1827 973 1878 autam
991 1819 1028 1872 ad
1045 1817 1131 1872 verba
1148 1818 1199 1885 „de
1211 1833 1265 1872 me·

189 1886 251 1941 dio“
269 1895 360 1944 mente
377 1890 439 1960 quis
449 1892 587 1947 addiderit
604 1893 758 1960 „exercitu“
775 1894 820 1948 vel
833 1890 985 1962 „agmino“,
1001 1888 1045 1942 vel
1062 1887 1090 1941 in
1107 1886 1265 1967 univer-sum

188 1956 241 2009 hoc
261 1956 301 2010 ita
318 1956 422 2010 dictum
440 1958 614 2026 intellexerit,
629 1968 662 2014 ut
678 1961 751 2014 idem
768 1961 826 2016 fere
844 1960 880 2014 sit
899 1959 975 2028 quod
992 1957 1026 2010 de
1044 1956 1135 2010 madia
1149 1955 1217 2009 acia.
1231 1984 1264 1996 -

189 2021 312 2077 Verbum
337 2023 483 2078 dubitatim
508 2033 619 2094 praeter
639 2028 713 2081 hunc
732 2035 760 2082 et
776 2029 909 2084 Sisennae
930 2027 1023 2078 locum
1040 2041 1057 2076 a
1075 2022 1168 2078 Nonio
1189 2023 1265 2077 laud.

189 2107 245 2144 non
262 2089 376 2161 legitur,
393 2099 537 2157 praeterea
555 2095 589 2149 cf.
607 2095 642 2150 fr.
666 2095 706 2151 to.
731 2127 766 2136 -
786 2096 916 2150 Fortasse
933 2094 986 2147 hoc
1002 2091 1188 2162 fragmentum
1208 2107 1267 2160 per·

190 2159 261 2213 tinet
277 2159 314 2213 ad
328 2159 462 2227 proelium
480 2163 562 2231 illud,
581 2181 637 2235 quo
654 2165 686 2218 L.
705 2165 877 2220 Postumium
896 2160 1036 2216 mundam
1053 2159 1227 2282 das'pgpatum
1247 2175 1265 2212 a

192 2226 282 2282 Gallis
296 2227 397 2280 victum
416 2245 524 2285 caesum
547 2249 581 2286 uo
599 2250 657 2288 esse
676 2240 772 2288 namot
787 2234 823 2288 Li
842 2272 848 2288 .
864 2230 974 2300 XXIII,
991 2229 1026 2284 ‘24
1043 2227 1092 2299 (ci.
1148 2245 1203 2298 gm.
1213 2228 1266 2295 41.)

187 2295 247 2349 Pol.
266 2295 316 2364 ΙΙΙ,
336 2297 391 2349 118.
426 2250 605 2366 6661113.

240 2365 292 2446 18)
317 2363 441 2432 Coelius
459 2368 538 2433 libro
551 2370 641 2435 tertio
654 2371 716 2437 seri
737 2421 744 2437 .
767 2393 774 2439 .'
797 2387 879 2436 aven
903 2415 910 2434 .
931 2413 940 2431 .
964 2385 1001 2433 os
1023 2419 1031 2438 .
1052 2411 1061 2431 .
1082 2363 1266 2431 61118616.

155 2448 197 2512 ad
219 2451 314 2532 Verg.
335 2449 449 2534 Georg.
472 2459 497 2538 Ι,
522 2453 572 2522 17.
595 2447 679 2532 (cod.
698 2455 843 2520 Leidens.
866 2453 932 2534 80).

223 2533 266 2588 ef.
274 2534 361 2590 Servii
372 2538 544 2607 grammatici
555 2539 584 2592 in
590 2539 673 2611 Verg.
680 2540 781 2612 Georg.
789 2541 838 2595 lib.
845 2533 980 2608 1‚1-100.
992 2535 1209 2591 commentarius.
1224 2535 1266 2588 cd.

190 2603 281 2656 Thilo.
299 2603 379 2657 Halia
397 2603 459 2659 Sar.
478 2607 551 2662 1866.
575 2607 750 2662 Burmannus
768 2615 796 2664 61
814 2609 893 2674 Lion,
914 2604 962 2678 qui
980 2604 1090 2675 quidem
1107 2603 1137 2658 in
1152 2602 1204 2657 reli
1224 2601 1267 2655 611

188 2671 257 2726 locis
274 2671 346 2725 inter
364 2671 495 2729 Serviano
514 2677 629 2732 servatis
643 2696 671 2732 se
692 2678 775 2732 uendi
788 2676 855 2732 mihi
869 2679 958 2740 erunt,
976 2673 1133 2728 ediderunt:
1150 2671 1181 2729 C,
1194 2670 1215 2724 li
1235 2688 1267 2725 ro

154 2743 155 2750 ’
190 2741 271 2821 tertio
290 2740 343 2794 seri
362 2758 478 2796 avenam
497 2746 625 2800 ostendit.
640 2695 804 2818 -qLegitur
820 2752 911 2800 autem
930 2749 958 2797 et
976 2743 1029 2796 hoc
1046 2741 1145 2819 fragm.
1164 2745 1192 2795 et
1205 2739 1266 2820 reli·

193 2807 269 2880 quua
287 2809 379 2862 omnia
399 2829 472 2882 quae
492 2815 568 2884 apud
582 2815 718 2884 Servium,
737 2817 785 2894 qui
805 2815 890 2886 vulgo
908 2811 1022 2876 dicitur,
1040 2808 1218 2864 inveniuntur
1237 2826 1266 2862 111

191 2893 224 2930 ea
234 2876 423 2932 Servianorum
433 2887 522 2950 parta,
536 2899 608 2954 quae
619 2901 636 2936 a
646 2883 842 2937 vetusboribus
852 2882 890 2936 eis
909 2898 944 2935 ue
956 2878 1114 2933 melioribus
1125 2875 1267 2932 codicibus

189 2946 263 3000 absit
283 2952 311 2999 et
329 2953 426 3016 postea
449 2950 559 3004 demum
583 2950 667 3004 variis
686 2949 857 3019 temporibus
873 2967 898 3004 a
942 2948 1064 3020 genuina
1083 2945 1158 2999 illius
1182 2943 1267 3023 verba

186 3013 313 3071 videatur
336 3032 395 3070 esse
413 3016 517 3070 addita.
551 3018 596 3072 De
616 3019 718 3088 quibus
739 3025 797 3074 tum
817 3020 927 3074 demum
945 3022 1049 3070 certum
1068 3013 1208 3084 quoddam
1225 3029 1265 3065 ru·

187 3083 287 3139 diclum
305 3084 423 3152 proponi
442 3084 557 3154 poterit,
583 3102 645 3140 cum
667 3104 768 3142 novam
790 3089 850 3142 aius
869 3083 1011 3153 scriptoris
1028 3081 1175 3136 6111110666]
1193 3095 1265 3134 eam·

204 3169 240 3206 uc
261 3153 298 3208 ab
316 3151 390 3204 omni
410 3157 490 3219 parta
507 3154 541 3209 da
563 3155 675 3210 criticae
696 3156 764 3210 artis
786 3155 896 3228 legibus
919 3151 1075 3206 absolutam
1093 3147 1265 3204 habebimus.

186 3170 298 3275 Interea
315 3217 410 3273 Coelio
431 3236 464 3274 ea
483 3222 645 3291 simpliciter
662 3225 818 3278 adscribere
837 3221 997 3289 licebitrac
1010 3236 1077 3274 sane
1093 3232 1144 3274 noc
1156 3216 1265 3299 reliqua

184 3287 272 3340 ullam
290 3286 473 3342 dubitationis
492 3307 604 3348 causam
621 3292 765 3361 praebant,
780 3298 808 3346 61
825 3292 878 3347 hoc
895 3306 950 3362 quo
970 3305 1006 3344 uc
1024 3289 1072 3360 qui
1088 3287 1207 3360 primum
1224 3303 1264 3340 rn-

188 3357 320 3420 spexerit,
344 3356 470 3436 quamvis
487 3358 605 3414 fortasse
621 3360 736 3414 miratus
755 3361 803 3430 sit,
822 3305 1025 3416 concedentium
1042 3363 1136 3412 tamen
1152 3355 1204 3411 erit
1222 3353 1264 3408 fa·

186 3424 287 3547 cillimfe
308 3424 373 3547 tient
386 3425 522 3494 potuisse,
541 3433 574 3483 ut
590 3445 750 3500 6161661661
765 3447 855 3486 avena
872 3434 995 3485 satorum
1013 3427 1131 3497 scriptor
1149 3421 1263 3478 mentio·

187 3510 250 3547 nem
282 3511 360 3550 acere
371 3529 380 3546 ·.
644 3513 646 3518 ·

456 1121 522 1180 ral“.

237 3677 290 3758 19)
321 3678 445 3747 Coelius
467 3682 500 3748 in
521 3683 600 3750 IIII:
629 3685 811 3752 custodibus
839 3682 985 3750 discessis
1007 3677 1262 3770 multi'interfioi-

153 3766 254 3832 unns.
297 3763 472 3846 Praecla,
497 3769 526 3848 4,
547 3767 599 3836 49:
960 3770 963 3782 ·

166 3894 168 3900 .
220 3845 318 3903 Obiter
334 3853 526 3907 tantummodo
544 3852 757 3926 significandum
767 3859 808 3907 est
818 3851 995 3924 participium
1003 3849 1264 3922 praeteribiavsrbo

185 3915 352 3986 discedendi,
369 3918 464 3990 qualia
480 3923 586 3992 priscae
604 3921 765 3977 Latinitatis
783 3929 917 3989 auctores,
934 3935 997 3976 cum
1013 3925 1105 3976 certus
1120 3919 1264 3976 etiamtum

185 4002 252 4039 usus
268 4001 325 4041 non
343 3994 496 4058 constaret,
519 3992 594 4046 haud
610 4007 674 4045 raro
692 4008 710 4045 a
724 3990 815 4044 verbis
831 3987 1003 4045 neutralibus
1020 3989 1159 4048 finxeruru
1177 4019 1208 4029 -
1228 3988 1263 4044 cf.

185 4053 270 4134 I’risc
287 4055 304 4109 1.
317 4055 333 4110 l
345 4086 377 4097 -
390 4055 514 4113 Graecae
527 4056 644 4115 maxime
656 4060 777 4132 linguae,
795 4065 828 4113 ut
837 4059 954 4125 videtur,
975 4057 1132 4132 cognitione
1150 4057 1262 4114 adducti

174 4122 319 4197 'illamque
335 4125 450 4197 imitati,
467 4145 538 4199 quae
556 4134 692 4202 quantum
712 4145 790 4184 suam
807 4128 928 4198 ipsorum
945 4125 975 4182 in
990 4129 1043 4184 hac
1064 4144 1094 4184 rc
1113 4131 1262 4198 superaret,

188 4187 249 4247 fieri
267 4207 332 4249 sane
349 4212 405 4250 non
417 4203 533 4269 ,poterat
552 4200 624 4281 quin¹
637 4197 762 4276 viderent
780 4197 861 4255 simul
878 4203 907 4252 61
924 4213 1005 4270 aegre
1023 4197 1135 4264 tenent.
