3018 4876
812 351 856 420 60

275 515 334 584 fuit
367 517 565 585 narrationes
588 517 787 586 eontinentur
803 525 835 586 et
848 519 1034 606 simulquae
1045 523 1198 606 Polybius
1212 526 1254 592 de
1266 525 1387 595 eisdem

252 568 407 670 ‘traiidit
452 602 554 671 erdita
576 611 665 690 sunt;
694 611 726 670 et
746 604 874 671 omnino
904 625 976 672 cum
999 605 1099 674 (icelii
1121 629 1247 694 quoqne
1267 613 1388 696 exigua

274 693 398 755 tanturn
431 694 599 773 tegmenta
619 689 794 758 habeamus
826 691 913 757 haud
938 691 1032 760 facile
1059 693 1142 762 hanc
1165 701 1386 779 quaestionem

274 773 462 841 dissolutum
482 773 521 839 iri
549 793 643 841 nemo
670 794 735 842 non
752 775 845 843 ridet.
884 775 1110 847 Verumtamen
1132 782 1183 850 vel
1207 787 1288 853 ultro
1310 785 1385 854 Dio·

274 857 388 924 dorum
410 864 562 926 nontam
583 879 601 924 e
622 859 743 926 Latinis
763 878 860 942 quam
881 881 900 927 e
920 862 1050 930 Graecis
1080 867 1284 954 scriptoribus
1308 871 1386 940 bau·

273 943 354 1010 sisse
375 950 623 1010 consentaneum
645 951 711 1028 est,
733 951 764 1010 et
785 946 932 1027 quamvis
952 948 1022 1034 ipse
1044 953 1082 1033 si,
1104 952 1137 1035 4)
1159 956 1306 1025 Latinam
1327 959 1386 1026 lin·

277 1047 376 1114 guam
397 1030 479 1096 bene
500 1048 535 1095 se
556 1048 652 1096 nosse
673 1030 826 1114 gloriatus
848 1033 898 1113 sit,
920 1051 960 1100 ea
980 1035 1194 1106 scientiasine
1209 1040 1305 1111 dubio
1322 1061 1387 1113 non

272 1113 317 1180 ita
338 1133 458 1198 magna
475 1112 545 1199 tuit,
566 1133 605 1180 ae
627 1133 702 1182 vere
715 1115 895 1182 Romanum
918 1118 1103 1203 scriptorem
1127 1143 1225 1190 unum
1247 1135 1386 1198 tantum·
1410 1160 1414 1166 ·

272 1197 369 1264 modo
391 1218 528 1282 eumque
549 1199 604 1283 qui
626 1199 748 1267 Graece
769 1201 966 1287 scripsisset,
988 1203 1123 1273 Fabium
1145 1210 1302 1280 Pictorem
1343 1217 1385 1282 ab

276 1302 314 1350 eo
331 1284 498 1351 laudatum
526 1284 705 1351 invenimus
737 1285 863 1372 (fragm.
885 1288 905 1353 l.
928 1287 1010 1370 VII).
1055 1289 1247 1378 Quanquam
1277 1303 1384 1385 abque

272 1369 368 1435 modo
389 1387 462 1434 cum
484 1368 583 1435 Sileni
603 1375 840 1521 ceterorumque
865 1371 919 1438 illo
950 1393 1082 1477 genere,
1116 1382 1202 1463 quod
1234 1389 1384 1467 voearim,

273 1453 366 1536 quasi
385 1459 541 1538 cognatus
568 1456 751 1522 coniunctus
803 1457 945 1524 abundus
977 1467 1040 1546 est;
1070 1483 1103 1528 1n
1133 1466 1272 1552 reliquiis
1300 1475 1385 1541 enim

273 1537 292 1604 l.
315 1539 425 1606 XXVI
447 1539 491 1627 (n.
510 1540 540 1605 3.
562 1558 617 1624 pg.
645 1541 709 1606 513
731 1541 845 1622 Wess.)
897 1543 993 1610 Sosiii
1019 1565 1150 1636 nomen,
1189 1554 1261 1625 etl.
1291 1559 1386 1628 XXV

222 1685 231 1706 ¹.
271 1623 392 1777 &mpii
414 1623 489 1702 512)
511 1624 747 1692 narratiuncula
770 1628 928 1710 quaedam
950 1629 1065 1714 legitur
1082 1635 1249 1706 manifesto
1271 1643 1314 1710 ad
1333 1652 1382 1715 to-

391 1727 429 1774 oo
449 1729 551 1793 genus
573 1711 739 1777 referenda
762 1711 813 1792 (oi.
835 1715 918 1798 App.
941 1713 998 1781 His
1022 1770 1027 1782 .
1050 1719 1099 1788 12.
1122 1721 1199 1792 Zon.
1223 1727 1307 1808 VIII,
1331 1731 1385 1801 21.

273 1793 371 1861 Peter
391 1814 445 1879 pg.
469 1796 517 1861 10.
536 1795 598 1880 73),
621 1802 653 1861 et
674 1797 803 1864 omuino
825 1817 908 1880 quac
927 1736 1019 1884 apati)
1036 1822 1108 1870 enm
1130 1807 1234 1878 adhue
1257 1822 1384 1884 exstars

273 1877 429 1945 eiusmodi
446 1879 654 1961 narrationes,
675 1881 718 1946 ad
739 1882 826 1947 illam
848 1883 999 1951 historiae
1019 1888 1204 1961 scribendae
1225 1899 1381 1969 rationem

274 1983 290 2029 s
314 1970 426 2034 ectant
475 1966 625 2030 Attamen
648 1985 666 2032 e
688 1967 821 2052 Polybio
844 1989 986 2057 quoque,
1017 1991 1112 2055 quem
1133 1981 1308 2062 nominavit
1330 1987 1383 2054 ubi

299 2066 317 2114 e
336 2047 484 2133 Scipione
505 2049 654 2116 Africano
683 2053 804 2119 minore
836 2056 983 2140 exposuit
1013 2063 1094 2130 (exc.
1116 2062 1157 2127 de
1182 2067 1251 2134 virt.
1275 2077 1308 2136 at
1325 2073 1379 2139 vit.

276 2152 329 2220 pg.
352 2134 438 2220 586),
460 2153 532 2200 eum
554 2133 699 2203 hausisse
718 2137 848 2204 minime
868 2142 1060 2224 negaverim.
1151 2155 1153 2160 '

359 2219 504 2301 Denique
525 2219 636 2286 Silium
659 2222 812 2309 Italicum,
832 2230 869 2291 ut
885 2227 982 2293 verbo
1001 2235 1126 2298 tantum
1146 2241 1275 2318 poetam
1297 2239 1378 2308 inter

277 2301 442 2370 historicos
463 2324 721 2393 commemorem,
751 2317 974 2393 praeterquam
999 2316 1085 2400 quod
1112 2317 1231 2390 desuo
1252 2321 1382 2408 ingenio

274 2391 377 2454 totum
398 2387 485 2454 illum
513 2398 720 2476 apparatum,
754 2400 789 2459 ut
815 2395 875 2460 hoo
895 2399 992 2465 verbo
1014 2409 1101 2487 utar,
1135 2407 1385 2496 mythologicum

264 2477 307 2539 ‘et
326 2472 391 2540 alia
410 2473 477 2541 eius
497 2475 623 2558 generis
642 2476 772 2565 addidit,
792 2478 825 2545 in
847 2481 992 2551 omnibus
1011 2486 1077 2553 fere
1097 2489 1222 2558 Livium
1244 2503 1388 2566 secutum

275 2576 347 2625 esse
365 2559 506 2644 undique
526 2569 666 2647 apparet.
690 2601 732 2614 -

523 4199 639 4261 trustra,
653 4199 728 4256 uirts
742 4217 764 4260 r.
778 4213 952 4267 canusinum
967 4199 1136 4268 sncoutxvrr'.
