3024 4870
700 333 738 398 41

164 496 358 649 ffinngitlpt‘l,
373 497 399 584 ¹)
430 500 620 585 Seguntium
651 522 672 566 a
700 501 850 586 Sallustio
877 505 1065 585 usurpatam
1095 511 1166 560 esse
1193 492 1277 557 Pau·

248 702 573 771 Animadvertendum
604 711 710 771 autem
738 711 800 784 est,
830 703 909 768 alios
938 699 1107 784 scriptores
1127 695 1212 762 velut
1234 731 1275 741 -

167 805 208 852 ne
231 785 384 854 Catonem
406 790 565 874 proferam
600 830 620 838 -
659 790 825 856 Claudium
848 785 1096 868 Quadrigarium
1118 787 1150 846 et
1171 779 1277 846 Sisen-

164 892 248 950 nam,
271 873 324 954 qui
347 875 390 940 ab¹
407 895 505 940 aurea
526 876 655 959 linguae
670 875 805 940 Latinae
827 879 932 939 aetate
948 871 1047 935 multo
1068 865 1199 952 propius
1222 865 1277 928 ab·

164 964 284 1034 essent,
313 957 373 1024 hoc
395 960 490 1026 etiam
512 962 611 1026 multo
633 961 761 1062 saepius
788 961 828 1024 ob
849 958 955 1044 prisca
976 961 1099 1021 tantum
1121 949 1278 1039 vocabula

166 1062 186 1106 a
209 1044 423 1125 grammaticis
446 1045 588 1132 laudari3
609 1065 669 1113 neo
688 1066 752 1110 ram
774 1044 1000 1110 vocabulorum
1021 1038 1278 1134 locutionumque

164 1133 307 1192 monstra
326 1128 390 1210 illa,
413 1135 447 1196 ut
469 1131 530 1197 hoc
550 1134 647 1197 verbo
669 1138 749 1207 utar,
771 1150 811 1194 ne
831 1129 935 1194 dicam
957 1127 998 1192 ab
1020 1143 1137 1189 aureae
1161 1125 1276 1186 aetat1s

164 1231 310 1278 sermone
329 1214 451 1302 aliena,
491 1216 548 1281 sed
571 1218 622 1282 vel
643 1216 688 1282 sic
708 1215 802 1282 nimis
829 1215 911 1280 mira
937 1221 1032 1294 atque
1055 1210 1277 1292 inexspectata

165 1297 252 1380 apud
273 1318 344 1362 eum
368 1299 562 1366 invenimus·
583 1301 661 1384 quin
682 1301 747 1366 imo
769 1301 800 1366 in
816 1296 977 1365 vocabulis
1000 1293 1190 1377 quaerendis
1213 1290 1276 1356 sin-

163 1383 277 1466 gulare
300 1385 461 1464 quoddam
489 1353 626 1451 studium
654 1406 726 1451 eum
750 1385 898 1450 habuisse
919 1385 1039 1447 Fronto
1065 1389 1175 1465 aperte
1202 1374 1278 1441 dicit

167 1471 231 1554 (ep.
254 1467 296 1532 ad
317 1469 360 1538 Μ,
381 1469 473 1537 Caes.
496 1473 551 1549 IV,
570 1474 598 1547 3,
618 1492 673 1555 pg.
695 1473 744 1540 95.
768 1473 816 1536 ed.
837 1475 878 1532 ΙΙ.
895 1467 982 1548 Mai.)
1005 1465 1087 1532 etin
1108 1485 1147 1529 ea
1167 1482 1201 1529 re
1224 1480 1274 1526 so-

165 1553 247 1626 lum,
282 1561 409 1636 praeter
429 1557 469 1620 M.
492 1556 639 1622 Porcium
662 1555 791 1636 eiusque
812 1556 1005 1634 frequentem
1029 1557 1216 1616 sectatorem
1239 1545 1275 1610 O.

166 1635 381 1720 Salliustium‚
406 1660 423 1704 e
444 1641 602 1707 veteribus
623 1640 779 1706 historicis
800 1640 895 1705 etiarn
915 1639 997 1702 inter
1017 1643 1130 1719 poetas
1155 1640 1186 1697 et
1206 1638 1275 1695 tan-

165 1743 261 1804 quam
291 1723 429 1788 Ennium
458 1726 599 1791 studiose
629 1726 823 1792 aemulatum
853 1729 1026 1788 enumerat.
1075 1718 1160 1796 Quid
1191 1716 1276 1800 quod

164 1807 261 1886 idem,
295 1809 347 1873 ubi
369 1809 409 1874 de
431 1810 586 1876 historicis
608 1811 670 1877 illis
693 1811 842 1875 iudicium
864 1828 955 1873 snum
977 1805 1088 1891 paucis
1113 1799 1278 1888 proposuit

163 1893 215 1957 vel
235 1893 340 1976 potius
364 1895 441 1976 quid
459 1897 599 1960 maxime
621 1897 773 1978 cuiusque
793 1895 955 1980 proprium
973 1893 1032 1958 sibi
1053 1890 1213 1956 videretur
1229 1887 1275 1952 in-

164 1975 281 2042 dicavit
300 1978 356 2052 (ad
377 1980 494 2044 Verum
516 1981 539 2046 I.
561 2001 615 2064 pg.
640 1983 679 2045 17
702 1987 730 2062 ),
763 2001 835 2044 curn
857 1977 1040 2043 Sallustium
1062 1982 1192 2052 structe,
1224 1973 1275 2038 Pi.-

164 2067 282 2128 ctorem
304 2062 471 2142 incondite,
493 2063 659 2130 Claudium
670 2065 783 2150 lepide,
804 2063 965 2128 Antiatem
987 2062 1152 2126 invenuste
1175 2064 1205 2123 et
1225 2057 1276 2122 vel

165 2147 334 2214 Sisennam
362 2147 534 2234 longinque
558 2150 842 2215 tantummodo-
868 2149 896 2225 ti.
922 2167 950 2216 e.
972 2145 1121 2212 inusitate
1149 2143 1187 2209 cf.
1211 2142 1275 2208 Oic.

163 2233 248 2298 Brut.
270 2232 328 2314 75,
350 2235 424 2313 260)
454 2273 494 2284 -
530 2235 693 2301 historiam
713 2233 876 2318 scripsisse
897 2233 1028 2314 diceret,
1065 2236 1100 2294 ut
1121 2229 1275 2296 Catonem

162 2317 336 2400 multiiugis
363 2317 409 2384 sic
433 2317 575 2384 Coelium
604 2319 736 2404 singulis
762 2319 866 2384 verbis
895 2318 1058 2402 scripsisse
1087 2332 1276 2380 commemo-

162 2403 258 2550 ragit,
296 2403 329 2467 id
358 2404 443 2487 quod
470 2405 545 2470 item
577 2405 644 2492 eius
672 2405 811 2488 reliquiis
841 2405 919 2470 satis
954 2408 1064 2486 aperte
1096 2399 1274 2465 confirmari

161 2507 193 2550 vr
217 2506 313 2552 emus.

246 2607 316 2671 lam
330 2625 404 2672 vero
418 2608 553 2692 Coelius,
574 2607 729 2690 quamvis,
744 2607 830 2692 quod
842 2607 885 2672 ad
893 2606 999 2690 ipsam
1015 2600 1166 2668 orationis
1184 2600 1276 2684 quasi

165 2691 331 2758 materiam
352 2693 478 2772 attinet,
509 2695 549 2759 ab
570 2694 755 2777 aequalibus
776 2692 903 2777 proprie
925 2691 1068 2756 dromus
1098 2707 1162 2752 non
1184 2691 1277 2760 osset,

162 2776 219 2842 sed
246 2776 292 2842 ita
321 2783 356 2842 ut
383 2777 416 2843 in
442 2779 502 2844 hoo
528 2779 598 2863 ipso
625 2778 738 2844 ceteris
767 2779 963 2859 aliquantum
993 2775 1058 2841 iarn
1088 2778 1274 2857 praestaret>

160 2862 287 2928 omnino
300 2863 395 2928 etiam
408 2883 526 2928 novum
539 2863 699 2944 quendam
710 2863 860 2928 historiae
872 2860 1059 2928 scribendae
1069 2878 1275 2942 progressum

161 2947 301 3012 condidit
321 2952 376 3014 aut
397 2953 481 3012 certe
501 2947 587 3012 viam
611 2967 648 3012 eo
670 2947 819 3031 munivit3
849 2947 883 3013 id
904 2945 990 3028 quod
1011 2949 1146 3028 apparet
1165 2962 1206 3008 ex
1228 2940 1274 3007 lu-

162 3031 382 3098 culentissimis
396 3031 585 3113 quibusdam
598 3033 757 3101 Ciceronis
770 3031 849 3099 locis
861 3069 900 3082 -
910 3031 950 3096 de
959 3031 1021 3112 leg.
1034 3033 1059 3113 1,
1074 3031 1102 3094 2.
1124 3029 1210 3094 Brut.
1222 3029 1272 3092 26.

161 3115 201 3180 de
223 3137 267 3182 or.
290 3121 340 3195 11,
372 3117 419 3181 12.
444 3118 493 3186 13.
523 3137 568 3183 or.
590 3119 639 3186 69.
664 3155 699 3168 -
725 3116 779 3200 qui
799 3117 920 3200 primus
946 3115 1058 3194 etiam,
1085 3119 1122 3178 ut
1140 3113 1274 3190 videtan,

161 3199 221 3265 hoc
242 3200 401 3284 cognovit,
429 3202 614 3284 etquidem
643 3203 774 3270 summis
802 3202 949 3268 laudibus
971 3198 1102 3266 ornarit.
1146 3196 1281 3276 Coelius

159 3283 338 3368 igiturque
361 3291 503 3371 tempore
524 3287 602 3353 nihil
626 3286 758 3355 historia
784 3287 844 3354 nisi
866 3285 1028 3354 annalium
1050 3282 1202 3350 confectio
1224 3301 1272 3365 cs-

160 3376 225 3450 set,
254 3371 297 3436 ad
317 3390 396 3452 quos
417 3370 599 3440 scribendos
620 3374 675 3455 qui
697 3374 915 3442 incumberent
934 3371 1027 3437 nullis
1049 3369 1200 3435 orationis
1221 3389 1271 3433 or-

159 3455 316 3522 namentis
338 3455 488 3524 adhibitis
509 3493 548 3508 -
569 3465 605 3524 nt
629 3459 728 3544 ipsius
752 3458 914 3528 Ciceronis
932 3455 1036 3524 verbis
1054 3462 1129 3525 'utar
1144 3472 1269 3530 -mo

159 3549 310 3608 numento
329 3542 431 3608 solnm
453 3549 649 3628 temporum,
677 3544 857 3626 bominum,
884 3545 1026 3610 locorum
1047 3546 1271 3622 gestarumque
1340 3539 1343 3548 i

160 3645 266 3691 rerum
285 3627 496 3708 relinquerent
511 3636 542 3695 et
563 3632 690 3695 omnino
704 3637 884 3696 narratores
898 3636 1022 3693 tantum
1035 3644 1140 3691 rerum
1155 3635 1269 3701 essent,

159 3711 279 3795 primus
301 3731 336 3777 se
360 3713 469 3796 erexit,
491 3718 522 3778 et
543 3715 761 3781 vehementius
782 3713 904 3780 inflavit
916 3711 1110 3792 maioremqe
1120 3707 1270 3775 historiae

159 3966 369 3980 Ἥ-

229 4100 248 4168 1)
269 4099 387 4155 Accedit
404 4101 480 4172 quod
503 4117 533 4155 re
549 4117 615 4156 vera
632 4101 661 4156 in
682 4100 731 4156 lib.
749 4101 770 4154 1.
792 4117 847 4172 quo
872 4098 937 4154 belli
959 4115 1056 4154 causas
1079 4107 1164 4173 atque
1187 4097 1266 4153 initia

161 4175 316 4238 exponeret,
335 4169 502 4241 Saguntinos
519 4169 567 4224 illo
585 4169 742 4241 saepissime
760 4183 972 4224 commemorare
990 4166 1095 4225 debuit.
