3024 4870
686 345 724 424 ll

153 509 288 598 primum
311 533 404 598 quem
425 515 590 616 proposuit
611 538 630 586 e
651 515 770 584 Charis.
793 517 816 583 l
836 509 1260 616 pg.1la1³rtsch.,lscou

155 607 266 698 ruptus
289 607 336 666 est
357 601 516 687 Coelnque
545 625 663 672 nomen
687 603 899 674 audacrssoua
927 599 1055 673 demum
1081 605 1264 677 correctura

153 704 185 748 m
207 703 277 750 eum
301 685 441 772 illatum;
463 687 577 756 deiude
600 689 685 776 qnod
706 689 812 784 verba,
837 707 919 772 quae
939 687 1088 785 leguntur
1109 705 1159 770 op
1178 678 1259 766 (ἔφη.

152 765 193 850 X,
217 772 254 856 1.,
278 771 371 837 haee:
401 821 459 854 ,‚..
482 775 572 840 tertio
594 780 625 842 et
643 781 755 860 quarto
777 773 902 855 consul,
935 791 1000 838 non
1019 777 1146 846 tertium
1168 787 1261 868 quur·

152 861 294 940 tumque,
324 855 419 942 idque
441 856 472 922 in
493 859 646 959 principio
668 859 738 926 libri
753 859 895 927 Coelium
917 856 1108 941 scripsisset
1138 853 1181 920 ad
1201 873 1260 952 unq:

153 938 229 1004 lium
251 940 325 1006 belli
347 942 457 1012 Punici
479 945 610 1010 secundr
638 944 796 1028 pertinere
818 963 885 1016 nou
903 961 1009 1026 posse,
1047 939 1105 1008 sed
1134 939 1178 1009 ad
1198 959 1264 1039 pne

153 1045 239 1088 mum
263 1025 441 1112 etquidem
464 1029 507 1096 ad
528 1051 558 1096 a.
580 1031 670 1110 489,
705 1049 766 1116 quo
789 1029 934 1096 consules
957 1033 1062 1096 esseut
1084 1025 1121 1108 Q.
1144 1023 1227 1122 Fubu
1265 1072 1269 1084 ·

153 1109 313 1175 Maximus
340 1112 465 1196 Gurges
485 1115 550 1182 111.
591 1115 627 1194 Q.
660 1113 806 1183 Manilius
834 1113 975 1194 Vitulns,
1007 1111 1175 1180 referenda
1202 1129 1248 1189 su

153 1193 253 1262 videri
274 1196 362 1263 dicit:
386 1205 417 1264 et
438 1199 507 1282 ipse
529 1200 580 1266 hio
600 1202 688 1266 loeus
711 1205 875 1284 corruptus
896 1205 944 1274 est
959 1235 998 1248 --
1019 1195 1268 1355 (dequorelssu

1245 1327 1263 1364 (Ι

52 1282 59 1289 “
152 1278 194 1343 ad
216 1299 255 1346 ea
278 1301 359 1366 quae
382 1292 614 1368 proposuerunt
636 1287 744 1351 Nauta
764 1305 818 1370 pg.
833 1285 880 1350 19.
903 1283 1047 1350 Groenv.
1062 1283 1112 1350 Pr.
1135 1301 1189 1365 pg,

152 1371 184 1430 et
205 1364 273 1449 ipse
294 1366 377 1432 infra
398 1370 569 1451 proferam)
599 1410 641 1418 -
664 1377 696 1436 et
715 1389 845 1455 prorsus
867 1365 1162 1467 eodem'm0d00ad
1183 1385 1261 1442 nom

152 1449 255 1515 nullos
277 1451 350 1516 belli
361 1453 473 1519 Punici
495 1455 625 1522 secundi
645 1476 746 1524 annos
789 1461 871 1520 otest
891 1453 1016 1536 referru
1041 1458 1152 1522 terrim
1188 1470 1260 1526 uem

152 1533 287 1600 fortasse
307 1537 376 1620 quis
399 1539 475 1602 mihi
498 1539 659 1622 obiecerit,
691 1539 745 1624 qui
765 1477 880 1624 flgitio
901 1561 951 1622 ap.
973 1539 1053 1606 Plio.
1075 1537 1104 1602 h.
1125 1559 1176 1635 n..
1204 1533 1261 1634 HL.

152 1619 181 1696 5,
206 1621 254 1686 11.
284 1622 450 1688 manifesto
473 1625 588 1693 Graeci
615 1624 794 1706 cuiusdam,
833 1645 896 1690 uon
925 1625 962 1690 L.
983 1622 1083 1690 (loelli
1103 1621 1262 1705 Anumm

150 1711 205 1768 est.
221 1707 245 1784 ¹)
288 1707 363 1772 Jam
384 1728 460 1774 vero
483 1730 503 1774 a
526 1709 676 1776 Cicerone
708 1709 748 1776 de
778 1709 839 1775 diu.
859 1709 892 1792 1,
916 1709 966 1773 26.
989 1707 1087 1774 Ocelii
1108 1713 1261 1804 tanquam

149 1788 243 1856 fontis
265 1791 392 1856 nomine
414 1793 522 1860 addito
542 1802 688 1860 narratur
707 1793 872 1876 somnium,
896 1791 981 1877 quod
1001 1791 1120 1890 homini
1135 1789 1261 1868 quidam

151 1875 296 1941 Romano
311 1877 414 1943 visum
431 1887 515 1946 esset
532 1881 612 1944 bello
626 1879 750 1960 Latino,
766 1888 856 1962 gesto
874 1897 902 1942 a.
915 1879 978 1942 263
1001 1878 1053 1956 (el'.
1076 1877 1143 1944 Lrv.
1155 1875 1194 1960 ΙΙ,
1207 1875 1259 1941 36.

151 1959 252 2024 Valer.
272 1961 357 2026 Max.
379 1964 410 2044 1,
434 1963 462 2028 7.
498 1965 579 2032 Plut.
603 1964 714 2030 Coriol.
737 1967 805 2048 24);
840 1965 987 2048 idemque
1008 1963 1028 2030 l.
1050 1964 1113 2028 la
1153 1980 1194 2038 ue
1214 1979 1260 2059 'uc

152 2044 255 2111 Valer.
277 2045 362 2114 Max.
385 2047 416 2132 1,
446 2047 474 2116 7.
497 2049 593 2114 refert
614 2049 771 2114 somnium
794 2049 827 2114 O.
851 2048 1000 2130 Gracchi,
1029 2047 1114 2130 quod
1162 2045 1261 2118 ochus

151 2127 210 2194 hoc
233 2129 397 2196 etiamtum
418 2133 492 2200 vivo
514 2153 549 2200 sc
572 2133 699 2200 audisse
721 2133 912 2219 scripsissem
943 2131 1077 2232 denique
1106 2129 1259 2231 apuPlim

152 2213 182 2279 h.
206 2235 234 2283 n.
257 2216 296 2299 ll,
320 2217 371 2298 67,
394 2219 466 2283 169.
488 2219 629 2284 similiter
648 2219 773 2286 Coelius
796 2219 960 2303 scripsisse
980 2217 1094 2284 dicitnr
1121 2213 1261 2302 „viduus

155 2300 265 2381 sequi
286 2303 466 2368 commercii
487 2305 590 2386 gratia
611 2324 651 2369 ex
666 2304 821 2387 Hispania
842 2305 874 2369 in
888 2301 1261 2402 Aethiopiamncviqas

152 2387 229 2450 set.“
242 2427 285 2436 -
298 2385 338 2452 Ηί
355 2395 462 2454 tamen
484 2389 545 2456 loci
568 2410 639 2455 cum
663 2391 704 2455 ab
720 2391 822 2456 altera
839 2396 930 2472 parte
951 2395 1072 2454 tantam
1093 2408 1160 2460 rum
1173 2385 1260 2484 vide-⁴

156 2468 252 2538 rimus
279 2493 349 2538 esse
376 2474 551 2541 sententiae
579 2481 706 2540 nostrae
732 2474 1050 2556 verisimilitudinem,
1082 2473 1157 2558 quin
1186 2469 1264 2546 mhrl

154 2554 212 2621 nisi
231 2557 445 2642 digressiones
463 2559 533 2644 sint,
554 2558 608 2624 vix
624 2561 797 2646 quisquam,
820 2559 939 2644 opinor,
962 2556 1166 2656 ductitaveriu
1190 2574 1262 2656 cau„
1295 2603 1301 2610 .

154 2660 276 2724 que-
300 2663 372 2710 eum
394 2644 521 2711 omnino
544 2645 603 2710 hoc
625 2665 725 2728 genus
748 2647 789 2712 ab
812 2665 851 2710 ea
872 2663 954 2729 quae
980 2643 1042 2718 rllrs
1066 2641 1263 2727 temporibus

154 2725 213 2792 luit
231 2727 406 2796 litterarum
428 2737 460 2795 et
473 2731 612 2796 maxime
630 2730 780 2798 historiae
801 2729 985 2796 scribendae
1005 2727 1127 2800 ratione
1149 2746 1206 2826 per
1227 2743 1263 2808 ts

153 2809 281 2878 minime
302 2814 441 2880 alienum
464 2830 547 2882 esset
567 2815 703 2902 etipse,
733 2837 774 2882 ne
794 2815 950 2887 audacius
971 2813 1031 2891 hoc
1058 2829 1261 2899 proposuique

153 2895 255 2997 dicar,
292 2906 442 2984 tanquam
463 2901 745 2968 luculentissimum
771 2901 837 2972 eius
859 2901 904 3000 rei
926 2900 1105 2999 exemplum
1123 2898 1264 2983 proferre

152 3001 274 3169 uu
288 2981 1260 3167 uuurmrerumrerumafaru

151 3152 265 3222 ratium
285 3155 540 3237 adiungerentur,
563 3176 621 3222 nos
642 3156 748 3240 etiam,
775 3156 835 3224 uisi
851 3156 959 3239 fallor,
988 3171 1261 3252 perspiceremus

151 3257 268 3306 sumus.
299 3239 432 3306 Videtur
453 3241 536 3310 enim
549 3240 674 3308 Coelius
697 3243 739 3310 ad
760 3241 893 3323 somnia,
915 3239 1062 3326 prodigia
1084 3237 1261 3336 similiaque

151 3323 311 3391 narranda
336 3345 512 3409 propensus
541 3327 776 3412 quodammodo
804 3327 838 3397 in
868 3345 968 3412 eaque
996 3346 1031 3400 re
1058 3321 1259 3408 diligentissu-

151 3427 221 3474 mus
239 3408 352 3494 fuisse‚
374 3433 438 3478 non
460 3413 563 3478 solum
586 3411 670 3497 quod
694 3412 771 3486 talia
790 3411 876 3500 apud
895 3411 1064 3496 scriptores
1084 3431 1155 3494 cos,
1180 3426 1258 3506 quoe

149 3504 340 3578 sequeretur,
362 3494 518 3565 inveniret
539 3535 579 3546 -—
602 3499 635 3567 id
655 3499 741 3584 quod
762 3499 795 3566 in
816 3498 922 3566 Sileno
945 3499 1063 3578 luctum
1085 3515 1155 3573 esse
1176 3491 1258 3591 aliur-

150 3585 218 3647 mat
239 3579 300 3648 Cic.
323 3579 363 3646 de
385 3583 446 3648 div.
469 3583 493 3660 Ι,
517 3585 560 3654 24
581 3621 620 3632 -
642 3583 699 3650 sed
722 3583 816 3652 etiam
838 3583 906 3652 sine
927 3581 1022 3657 dubio
1043 3581 1138 3678 quodq
1161 3586 1195 3644 ut
1213 3583 1259 3660 uu

150 3662 262 3749 dicam,
285 3666 410 3752 penitus
431 3669 595 3735 Romanus
617 3676 714 3746 esset,
736 3670 789 3754 qui
810 3670 954 3754 quamvis
975 3669 1008 3738 iu
1030 3666 1156 3750 reliquis
1180 3681 1258 3742 wilfi

148 3767 336 3834 quacunque
356 3752 477 3823 ratione
499 3753 587 3837 impii
602 3753 799 3844 improbique
813 3760 928 3838 essent,
948 3753 981 3818 in
992 3752 1040 3832 his
1053 3757 1159 3848 tameq
1175 3768 1257 3850 surq-

147 3853 206 3917 per
226 3833 453 3918 religiosissimi
468 3840 600 3902 multum
620 3839 675 3902 illa
696 3838 737 3901 ad
760 3858 862 3903 rerum
886 3844 1092 3920 eventumque
1113 3835 1258 3924 reipupu-

189 4117 195 4132 ι
221 4055 239 4124 ¹)
257 4053 326 4111 Item
344 4059 471 4124 quartum
489 4055 625 4134 quendum
642 4053 751 4134 locumq
764 4052 814 4124 qui
836 4059 880 4133 est
896 4070 939 4130 op.
957 4053 1030 4118 Fest-
1046 4071 1067 4174 q>
1089 4092 1094 4112 2
1112 4051 1162 4117 ult
1177 4049 1258 4111 Muli.

148 4119 198 4175 ubi
214 4117 375 4244 Nipperdey
393 4121 444 4178 sub
467 4123 569 4205 tradito
586 4121 657 4176 Alfn
679 4139 787 4204 nomme
806 4121 929 4186 Coelium
945 4121 1031 4188 lutere
1047 4179 1067 4192 ‚‚
1091 4124 1201 4196 pruuuut
1215 4125 1258 4194 cut

149 4205 199 4245 cun
216 4191 253 4245 ad
291 4208 345 4246 unc
362 4207 417 4246 non
433 4197 569 4262 pertrnere
584 4197 686 4264 putem,
703 4191 776 4251 nfra
794 4209 935 4272 exponam.
