3024 4870
646 346 697 412 31.

113 515 244 581 credere
265 513 405 592 Penino,
438 521 534 596 atque
554 513 628 580 inde
652 533 768 580 nomen
791 515 819 580 ei
840 515 916 598 iugo
938 517 1066 601 Alpium
1085 517 1228 604 inditum,

114 609 366 682 transgressum,
390 599 532 665 Coelium
554 620 611 684 per
636 599 799 666 Cremonis
820 601 930 682 iugum
951 604 1056 669 dicere
1078 604 1229 671 transisse

111 694 169 752 eto.
191 685 259 750 Liv.
282 685 369 769 XXI,
382 685 432 748 38.

182 770 307 824 Coelium
322 809 328 821 .
343 810 349 821 .
364 771 466 834 dicere,
486 768 526 820 sic
544 768 602 821 iure
617 767 812 820 Alschefskius
834 776 864 822 et
877 767 1015 836 Hertzius,
1033 788 1085 838 pro
1103 788 1135 826 eo
1150 773 1226 842 quod

149 845 233 892 antea
251 839 336 904 vulgo
355 836 514 907 legebatur:
538 835 650 888 (ioelius
665 875 691 887 ..
719 835 796 888 dicit.
816 869 845 877 -
868 835 913 890 De
930 854 960 890 re
982 840 1045 956 ipsa
1062 847 1147 892 antea
1165 840 1224 908 qui·

145 906 208 959 dem
225 909 254 958 in
271 907 362 958 varias
382 913 476 976 partes
496 905 597 956 acriter
614 904 788 970 disceptata,
811 903 862 956 sed
879 921 955 957 nunc
972 922 1056 973 pane
1073 908 1226 960 diiudicata

148 975 201 1028 hoc
220 975 282 1026 loeo
299 991 439 1042 exponere
456 973 569 1041 longum
587 986 638 1024 cst.
658 974 694 1024 ct'.
713 973 797 1023 etiarn
813 987 884 1039 quae
902 990 985 1042 supra
1004 976 1039 1025 ad
1061 974 1093 1026 fr.
1105 977 1146 1028 14.
1160 975 1224 1027 dixi.

195 1043 250 1123 46)
294 1041 419 1105 Servati
440 1039 577 1105 consulis
606 1040 702 1104 decus
725 1039 851 1104 Coelius
880 1040 922 1103 ad
943 1060 1071 1106 servum
1095 1043 1223 1108 natione

113 1127 264 1208 Ligurem
291 1127 432 1209 delegat3
456 1125 564 1188 malim
586 1125 732 1204 equidem
752 1125 792 1188 de
813 1123 877 1188 filio
898 1145 1009 1189 verum
1030 1147 1115 1212 esse,
1139 1129 1225 1208 quod

113 1218 145 1275 et
167 1211 273 1294 plures
293 1212 452 1276 tradidere
475 1218 506 1274 et
525 1211 612 1274 fama
630 1209 771 1275 obtinuit.
814 1209 881 1274 Liv.
899 1211 988 1293 XXI,
1010 1213 1063 1280 46.

179 1296 251 1348 Mira
281 1296 418 1366 quaedam
446 1295 517 1348 huec
545 1302 589 1348 est
617 1295 705 1348 Coelii
732 1295 873 1361 narrati03
906 1311 1024 1365 eamque
1059 1297 1103 1351 hic
1134 1315 1150 1351 a
1181 1303 1224 1351 tot

146 1363 327 1431 scriptoribus
353 1367 427 1417 solus
452 1363 576 1416 tradidit.
618 1363 690 1417 Nam
712 1370 740 1414 et
756 1361 907 1431 Polybius,
931 1382 1092 1444 quanquam
1113 1383 1169 1418 non
1193 1367 1223 1418 in

146 1432 153 1482 i
177 1447 208 1482 sa
230 1449 327 1501 pugna
349 1433 385 1484 ad
404 1431 532 1484 Ticinum
558 1431 713 1495 narranda,
737 1430 786 1482 sed
813 1438 925 1498 postea,
951 1432 1000 1484 ubi
1017 1451 1046 1485 rn
1065 1434 1224 1487 universum

150 1448 184 1550 de
206 1498 337 1566 Scipione
360 1501 528 1568 disputaret,
547 1498 663 1551 eandem
682 1515 765 1567 quarn
785 1498 881 1550 Livius
900 1501 1044 1579 probavit,
1063 1502 1080 1553 l.
1098 1501 1135 1569 X,
1153 1503 1177 1568 3,
1194 1510 1224 1554 et

147 1565 224 1620 Cass.
244 1567 298 1620 Dio
318 1569 350 1620 tr.
372 1569 491 1619 Peiresc.
512 1565 553 1618 56.
573 1566 638 1618 Zon.
660 1561 737 1630 Vrii,
756 1565 806 1630 23,
824 1572 860 1630 et,
879 1566 990 1620 Livium
1010 1569 1160 1622 manifesto
1181 1585 1221 1621 se·

145 1636 217 1701 euti,
245 1636 294 1688 Sit.
315 1635 348 1687 lt.
367 1634 422 1701 IV,
446 1635 562 1702 dbiisqq.
591 1632 738 1699 (coli.V1,
760 1633 818 1687 710.
849 1631 914 1699 XV,
937 1635 1008 1703 183),
1040 1637 1112 1690 Flor.
1132 1637 1175 1702 11,
1198 1639 1222 1691 6.

147 1701 226 1756 Oros.
246 1703 294 1768 IV,
314 1704 352 1754 14.
379 1702 482 1755 Earum
500 1711 594 1754 autem
612 1702 727 1754 alteram
748 1701 788 1752 sic
807 1701 984 1770 simpliciter,
1006 1712 1037 1756 ut
1054 1704 1164 1756 Livium
1182 1705 1224 1758 fe·

145 1771 216 1823 cisse
240 1772 380 1836 videmus,
409 1771 513 1822 reicere
543 1769 672 1839 equidem
702 1769 892 1822 dubitaverim.
934 1771 1066 1834 Quamvis
1087 1774 1161 1826 enim
1185 1775 1222 1826 ab

145 1839 236 1891 altera
261 1850 342 1908 parte
366 1837 562 1890 auctoritatem
586 1837 740 1891 habeamus
763 1837 892 1906 Polybii,
920 1839 956 1891 ab
984 1841 1075 1893 altera
1099 1839 1223 1894 Coelium

148 1907 325 1960 coniunctum
340 1905 427 1958 fuisse
439 1905 539 1957 scimus
551 1922 613 1957 curn
625 1904 767 1968 G.Laelio,
781 1905 877 1975 itaque
890 1907 975 1959 etiam
985 1924 1047 1960 cum
1061 1907 1222 1978 Scipionum

146 1973 261 2040 familia,
279 1991 395 2044 quorum
420 1974 531 2042 quidem
558 1973 684 2026 meritam
707 1973 817 2026 laudem
841 1990 903 2026 eum
925 1975 1124 2029 detrectavisse
1147 1985 1223 2031 certe

150 2042 297 2094 verisimile
319 2060 374 2096 non
394 2050 447 2108 est,
463 2049 492 2094 et
506 2068 541 2079 -—
556 2057 617 2092 cum
631 2041 741 2108 reliqui,
757 2048 787 2093 et
801 2041 846 2094 vel
863 2050 976 2109 praeter
993 2046 1223 2098 erinsuerudinem

147 2107 259 2160 Cassius
277 2109 349 2176 Dio,¹
370 2110 510 2163 Romanos
531 2109 680 2175 scriptores
708 2110 798 2160 secuti
817 2109 874 2161 siut
898 2140 920 2146 -
948 2109 1068 2165 fortasse
1089 2113 1222 2165 habemus

149 2179 344 2231 auctoritatem
365 2178 458 2231 Sileni.
496 2177 604 2229 Ambae
623 2176 708 2244 igitur
728 2178 768 2227 ita
787 2177 852 2228 mihi
872 2176 1002 2231 videntur
1019 2180 1093 2232 inter
1112 2198 1141 2233 se
1161 2197 1222 2234 esse

149 2245 372 2314 coniungendae,
394 2253 425 2298 ut
446 2253 476 2300 et
497 2247 525 2298 P.
545 2244 638 2314 Scipio
657 2244 809 2296 Africanus
832 2251 860 2296 et
885 2262 981 2298 servus
1004 2247 1053 2300 iiie
1070 2250 1221 2302 'eonsuienr

141 2310 333 2378 aliquomodo
351 2315 500 2380 servarint,
524 2314 573 2365 sed
598 2314 679 2364 huius
697 2313 759 2364 laus
778 2329 844 2380 prae
860 2313 936 2366 iliius
954 2313 1044 2382 gloria
1060 2334 1123 2370 mox
1141 2318 1223 2372 obsc-

145 2378 249 2434 lcverit.
269 2383 303 2434 cf.
325 2383 424 2463 Polyb.
444 2382 494 2448 ΙΙΙ,
512 2382 554 2446 65,
575 2385 613 2434 11.
628 2380 664 2444 λ,
682 2383 707 2444 3,
725 2382 748 2430 4.

195 2447 251 2532 49)
297 2449 421 2514 Coelius
444 2457 554 2514 auctor
577 2457 624 2513 est
644 2449 815 2529 Magonem
844 2468 914 2513 cum
945 2453 1084 2531 equitatu
1117 2462 1148 2517 et
1169 2455 1223 2518 Hi-

110 2533 219 2614 spanis
241 2534 398 2617 peditibus
421 2534 542 2598 flumen
563 2534 724 2618 extemplo
746 2540 942 2617 transnassc,
977 2537 1080 2619 ipsum
1103 2539 1223 2604 Hanni-

112 2617 218 2681 halem
231 2639 287 2701 per·
302 2620 465 2702 superiora
473 2619 554 2684 Padi
567 2619 653 2682 vada
669 2616 840 2682 exer-eitun
855 2620 1033 2686 traduxisse
1048 2623 1222 2705 elephantis

107 2701 141 2764 in
184 2705 327 2769 ordinem
362 2705 403 2769 ad
440 2704 660 2769 sustinendum
696 2703 833 2767 fluminis
876 2705 1028 2789 impetum
1062 2709 1222 2792 oppositis.

107 2786 178 2852 mv.
200 2789 288 2873 xxi,
312 2791 362 2854 ss.

176 2873 268 2942 Idem,
311 2877 364 2929 uod
385 2873 511 2943 Coelius,
529 2874 654 2929 narravit
672 2870 749 2923 Cass.
769 2871 838 2937 Dio,
856 2873 891 2926 cf.
912 2875 979 2928 Zon.
998 2875 1084 2943 VIII,
1103 2877 1150 2942 at,
1171 2878 1222 2932 Po·

140 2940 262 3009 lybium,
279 2891 339 3006 ΙΙΙ,
357 2943 399 3009 66,
417 2944 499 3011 piane
516 2943 749 2995 aiiauarrantem
769 2943 906 3007 expressit
926 2944 1036 3009 Livius,
1063 2945 1112 2997 sed
1131 2945 1171 2998 ita
1187 2952 1220 2998 ut

140 3010 288 3063 manifesto
311 3011 384 3063 falso
407 3028 469 3062 eum
493 3009 669 3076 intellegeret
699 3013 727 3059 et
751 3009 811 3074 ipse
839 3010 924 3062 etiam
947 3028 1046 3063 novam
1080 3014 1221 3082 quandam

141 3080 307 3131 sententiam
325 3083 500 3145 proponeret.
533 3075 589 3128 Res
611 3073 734 3127 difficilis
759 3082 801 3128 est
820 3074 989 3142 diiudicata,
1017 3095 1070 3132 nec
1088 3083 1140 3132 hoc
1158 3081 1219 3134 loeo

140 3161 202 3198 eam
231 3147 449 3200 diiudicaverim.
485 3142 566 3197 Certe
589 3142 675 3197 Coeiii
705 3144 859 3196 auctoritas
888 3147 929 3197 eis
959 3146 1007 3215 qui
1039 3147 1121 3200 huius
1152 3148 1220 3202 belii

143 3211 286 3267 historiam
307 3215 428 3266 seribere
446 3211 531 3265 veiint
550 3228 604 3264 non
624 3213 784 3280 spenrenda
800 3211 861 3264 erit.
896 3213 983 3278 Livii,
1010 3231 1064 3283 qua
1083 3217 1161 3269 illum
1179 3235 1220 3270 re·

125 3279 234 3333 *futare
260 3282 413 3348 studuerit,
441 3281 646 3332 ratiocinationi
671 3281 718 3348 qui
741 3296 803 3332 eum
828 3284 905 3333 novit
935 3281 1004 3334 nihil
1024 3285 1145 3354 tribuet;
1172 3287 1220 3356 qui

140 3349 252 3418 quidem
266 3351 308 3400 irie
325 3366 434 3417 quoque
452 3349 520 3400 Padi
537 3351 661 3400 accolam
675 3348 767 3415 patius
782 3365 811 3400 se
825 3351 974 3403 ostendere
986 3352 1115 3421 voluisse,
1134 3369 1218 3421 quam

138 3417 166 3467 in
187 3435 245 3469 rem
263 3417 396 3486 fluviique
423 3425 564 3484 naturam,
593 3433 664 3485 qnae
684 3424 761 3469 esset
783 3415 812 3467 in
834 3416 888 3469 illis
909 3418 1071 3488 regionibus
1089 3437 1107 3473 a
1126 3423 1219 3491 patria

139 3501 190 3536 sua
210 3487 411 3552 remotioribus,
430 3486 539 3538 videtur
556 3485 713 3553 indagasse.

191 3569 244 3644 50)
268 3571 417 3635 Omnium
438 3592 538 3654 prope
561 3572 692 3635 annales
707 3569 842 3634 Fabium
865 3571 1049 3637 dictatorem
1064 3575 1217 3641 adversus

104 3650 317 3716 Hannibalem
339 3676 406 3720 rem
430 3660 567 3738 gessisse
582 3656 719 3734 tradunt,
743 3655 868 3719 Coelius
886 3657 981 3720 etiam
996 3660 1216 3740 cumprimum

104 3752 126 3794 a
146 3735 265 3814 populo
296 3751 434 3802 creatum
463 3742 648 3805 dictatorem
676 3740 797 3823 scribit3
822 3777 858 3788 -
886 3742 944 3805 sed
969 3748 1000 3805 et
1023 3742 1164 3808 Coelium
1187 3755 1218 3810 et

104 3825 230 3882 ceteros
250 3820 331 3902 tugit
355 3831 411 3891 etc.
452 3826 518 3890 Liv.
539 3827 643 3907 xxti,
668 3829 720 3894 31.

170 3902 220 3956 off.
239 3922 310 3972 quae
330 3907 364 3959 de
384 3913 434 3959 bac
453 3926 481 3960 re
500 3909 597 3961 Livius
617 3911 744 3978 exposuit
770 3911 862 3963 verbis
885 3910 979 3962 statim
1002 3912 1215 3982 insequentibus

136 3976 165 4022 et
183 3988 206 4023 e.
225 3973 258 4039 ὃς
288 3981 316 4026 et
338 3975 407 4027 bene
429 3975 452 4026 is
468 3977 579 4045 quidem
598 3977 721 4029 Coelium
739 3986 902 4047 ceterosque
926 3980 953 4030 in
972 3981 1150 4048 magistratus
1167 4002 1215 4037 no-

135 4039 209 4092 mine
228 4058 337 4096 errasse
360 4043 566 4096 demonstravit.
595 4044 639 4096 De
657 4051 716 4096 tota
734 4046 795 4096 eiua
817 4047 940 4114 magistr.
956 4045 1073 4102 historia
1087 4053 1215 4120 exposuit

135 4107 270 4173 Niebuhr,
289 4111 322 4163 R.
341 4112 375 4165 G.
394 4112 414 4177 Ι,
433 4130 479 4180 pg.
496 4111 543 4164 621
565 4128 624 4181 sqq.
655 4113 745 4164 Etiam
764 4113 863 4181 reiiqui
881 4131 975 4167 omnes
992 4133 1061 4186 quos
1080 4119 1214 4172 habemus

136 4174 197 4228 eius
219 4176 285 4230 belii
311 4181 461 4248 scriptores
488 4180 606 4234 Fabium
633 4179 796 4249 simpliciter
817 4183 981 4236 dictatorem
1006 4187 1158 4256 appellant.
1180 4215 1211 4228 -
