3024 4870
759 335 805 406 42

235 515 354 569 sanun
370 505 458 570 vocis
476 503 605 574 addidit
620 511 653 572 et
675 505 880 586 6166616161)
908 517 1035 584 qunque
1054 519 1159 572 rerum
1184 501 1257 586 fuit3
1285 501 1350 574 sei·

230 587 304 654 licet
324 588 560 672 quiaccgnovit
579 591 731 655 sermonis
757 587 1036 672 descriptionisque
1058 587 1259 670 eleganthm.
1291 599 1350 658 vc&

234 679 411 752 nustatcm,
444 674 630 756 dignitatem
651 675 693 740 ad
720 694 824 740 rerum
846 680 1045 740 narratarum
1066 672 1231 738 veritatem
1254 693 1347 738 acce-

232 757 307 824 dere
329 755 444 826 debere
462 767 492 826 et
506 762 595 840 quasi
611 757 744 826 alterum
763 777 834 824 esse
854 757 1004 824 historiae
1026 757 1234 843 elementum,
1258 757 1346 848 quod

232 849 357 926 praeter
369 850 489 910 ceteros
504 845 585 914 beue
605 844 754 928 coguovit
769 843 888 920 Cicero,
911 861 1051 908 summus
1073 841 1126 906 ille
1151 842 1288 928 linguae,
1311 849 1347 908 ut

233 927 293 994 hac
307 928 447 1014 imagine
470 937 549 1009 utar,
572 931 661 996 saber
682 937 777 1011 atque
800 927 932 1008 artilex,
946 928 1000 1012 qui
1022 947 1099 993 sane
1119 928 1151 992 in
1170 927 1345 994 contrarias

231 1013 389 1080 veteribus
418 1013 479 1080 illis
503 1011 665 1082 annalium
687 1014 888 1098 scriptoribus
909 1021 1015 1098 partes
1041 1012 1171 1078 modum
1199 1013 1347 1118 excessit,

231 1096 331 1168 itaut
352 1098 420 1163 sola
441 1099 506 1168 lere
529 1101 678 1166 orationis
700 1099 859 1183 elegantia
873 1095 1053 1164 historicam
1070 1100 1173 1166 artem
1192 1099 1344 1174 continerr

231 1189 358 1266 putaret
379 1184 431 1260 (cf.
456 1185 496 1250 de
517 1185 546 1250 16
573 1191 632 1258 .1.
652 1189 682 1252 2.
707 1185 747 1250 (16
769 1205 812 1250 cr.
835 1187 885 1263 ΙΙ,
906 1185 933 1254 9,
957 1185 997 1250 de
1018 1190 1083 1248 toto
1106 1183 1176 1250 loce
1200 1183 1345 1266 egregrie

231 1260 404 1350 disputavit
425 1269 531 1348 Ulrici,
548 1208 646 1340 {iheu
670 1271 699 1340 d.
722 1277 784 1339 ant.
798 1269 875 1334 Hist.
897 1287 951 1354 pg.
974 1267 1036 1332 110
1057 1267 1128 1357 sq),
1149 1265 1184 1332 id
1204 1269 1289 1352 quod
1310 1269 1343 1338 iu

230 1351 301 1439 ipsa
323 1354 557 1434 quodammodo
571 1359 736 1422 Romanae
750 1354 864 1420 mentis
885 1353 992 1418 indole
1013 1353 1107 1418 situm
1122 1359 1197 1420 erat
1222 1353 1343 1423 Deinde

232 1442 338 1504 autem
361 1437 441 1505 haec
463 1439 561 1506 (icelii
586 1441 665 1508 ratio
690 1460 752 1504 non
780 1439 882 1504 solum
912 1437 1033 1504 formae
1061 1455 1249 1522 progressus
1275 1439 1343 1516 furit,

233 1519 289 1584 sed
310 1523 477 1590 transitum
497 1525 592 1592 etiam
614 1525 690 1592 lacit
712 1545 732 1589 a
752 1524 886 1608 simplici
908 1539 1013 1589 rerum
1036 1529 1196 1604 gestarum
1216 1539 1343 1588 cnarra-

231 1604 334 1686 tione,
361 1609 463 1690 qualis
486 1617 580 1676 antea
602 1611 668 1677 fere
689 1611 788 1678 solius
807 1615 985 1696 temporum
1007 1607 1125 1672 ordinis
1142 1609 1263 1673 ratione
1285 1609 1345 1676 ha-

234 1690 300 1760 bita
321 1693 543 1780 institueretur,
566 1717 661 1779 quarn
681 1716 767 1761 mere
789 1694 976 1760 obiectivam
995 1691 1150 1771 vocarim,
1178 1694 1221 1758 ad
1242 1693 1346 1760 subie-

231 1778 347 1848 ctivam
359 1781 509 1848 historiae
531 1781 716 1848 scribendae
730 1781 892 1858 rationem,
915 1797 981 1860 qua
999 1795 1062 1842 uno
1084 1778 1176 1859 quasi
1190 1799 1275 1844 nexu
1297 1784 1346 1844 at-

189 1899 199 1918 ι
233 1884 294 1947 que
321 1865 537 1948 implicatione
559 1867 807 1950 comprehensae
835 1883 886 1928 res
915 1862 1180 1948 describerentur,
1214 1864 1343 1948 qualern

229 1947 379 2034 historiae
401 1950 477 2016 artis
499 1955 670 2038 praecepta
690 1950 858 2033 requirunt.
871 1987 910 1995 -—
928 1949 1027 2013 Porro
1040 1947 1166 2014 Coelius
1185 1949 1249 2017 iam
1271 1969 1343 2015 sen·

229 2034 270 2103 sit
290 2034 437 2102 vitiosam
459 2055 528 2102 esso
550 2039 717 2103 verborum
741 2033 974 2114 deiectionem,
998 2051 1059 2120 quo
1081 2032 1191 2100 melius
1215 2039 1270 2098 aut
1291 2055 1343 2100 oa-

235 2117 323 2188 deret
344 2130 399 2188 aut
419 2121 600 2190 volveretur
623 2123 733 2200 oratio,
752 2120 944 2202 institutam3
968 2134 1065 2202 quam
1089 2115 1116 2183 si
1124 2136 1255 2204 prorsus
1275 2119 1342 2202 qui·

230 2204 303 2270 dem
324 2205 426 2274 vitare
447 2227 511 2274 non
532 2207 644 2292 potnit,
664 2207 690 2273 si
712 2205 797 2272 rudis
821 2205 985 2270 etiamtum
1006 2198 1223 2286 huitviresque
1235 2203 1347 2276 habuit

230 2296 389 2370 agrestres
411 2297 506 2374 atque
528 2293 673 2360 horridas
694 2292 762 2357 sine
781 2291 882 2356 nitore
909 2309 948 2354 ac
968 2289 1144 2372 palaestra,
1179 2281 1207 2354 si
1230 2311 1344 2379 parum

229 2373 390 2441 etiamtum
415 2377 589 2444 orationem
618 2375 772 2442 varietate
803 2373 1034 2462 verborumque
1064 2367 1269 2442 collocatione
1298 2373 1344 2444 di-

229 2459 389 2542 stinguere
412 2468 443 2526 61
454 2467 557 2527 tractu
573 2445 723 2527 orationis
745 2459 809 2526 leni
826 2468 922 2541 atque
943 2454 1101 2540 aequabili
1114 2496 1154 2505 -
1171 2460 1261 2540 quod
1277 2459 1345 2551 qui-

230 2544 303 2610 dem
322 2546 461 2612 maxime
482 2548 632 2613 orationis
655 2565 754 2630 genus
777 2553 812 2610 ut
832 2544 874 2611 ad
888 2543 1050 2608 historiam
1068 2542 1267 2609 scribendam
1288 2539 1344 2610 ad-

230 2630 389 2696 hiberetur
409 2633 581 2717 postulavit
604 2631 664 2698 Cic.
689 2633 729 2696 de
751 2651 794 2707 or,
815 2629 857 2718 11,
880 2630 928 2694 16.
951 2648 994 2695 or.
1017 2627 1131 2693 20.'-·-
1152 2643 1342 2713 upuasuum

231 2716 391 2865 perpolire
412 2718 516 2801 potuit
538 2727 569 2783 et
592 2718 748 2783 Graecam
769 2721 870 2780 artem
892 2713 993 2778 etiam
1008 2727 1122 2796 parurn
1144 2713 1263 2802 doctas
1276 2715 1344 2793 rsit,

254 2799 367 2882 enique
389 2802 416 2867 si
436 2817 499 2866 non
521 2803 637 2880 statim,
662 2813 746 2884 quae
765 2795 1098 2883 sibitppoteudaesse
1115 2798 1244 2876 videret,
1268 2819 1343 2865 con

230 2892 357 2951 saeuus
378 2895 440 2954 est:
472 2893 579 2954 tamen
602 2887 644 2952 ad
666 2902 824 2953 summurn
852 2882 1057 2968 perfectionis
1075 2881 1238 2966 fastigium
1257 2885 1344 2950 haud

254 2972 361 3036 aulum
382 2973 516 3058 proiecit
537 2975 645 3056 eisque
656 2973 710 3054 qui
729 2979 843 3060 postea
864 2987 915 3035 res
937 2975 1046 3052 gestas
1065 2967 1237 3034 scriberent
1257 2967 1343 3035 lucu·

229 2992 348 3121 statum
381 3059 561 3142 quoddam,
597 3059 682 3140 quod
704 3053 915 3122 imitarentur
952 3061 1047 3135 utque
1088 3053 1174 3119 unde
1212 3055 1346 3138 profecti

231 3141 354 3206 maiora
375 3150 549 3224 tentarent,
586 3143 767 3226 exemplum
791 3137 964 3225 proposuit.
1009 3136 1102 3214 Quod
1124 3138 1252 3219 quidem
1281 3155 1343 3221 que

230 3226 334 3292 minus
357 3227 474 3293 facturn
498 3236 546 3295 est
566 3235 646 3296 teste
667 3227 729 3294 oio.
752 3223 959 3314 doleg.1,2,
985 3240 1024 3292 eo
1043 3223 1115 3306 ipse
1134 3224 1232 3308 pluris
1254 3225 1349 3312 nobis

231 3311 447 3380 aestimandus
469 3314 593 3379 videtur
614 3327 704 3380 esse(
843 3393 845 3398 Ι
955 3391 957 3398 ,

315 3397 474 3464 Ciceronis
495 3399 555 3465 hoc
572 3399 616 3464 de
637 3395 744 3465 Ooelic
765 3391 916 3462 iudicium
944 3391 1019 3474 quin
1048 3389 1264 3476 accipiendum
1287 3408 1344 3461 ma

231 3482 279 3547 his
301 3483 355 3567 sit,
379 3493 490 3561 nemo,
521 3484 646 3568 opinor,
678 3479 847 3564 dubitabit3
883 3484 982 3558 atque
997 3475 1074 3562 ipsis
1094 3475 1284 3558 fragmentis
1301 3497 1344 3534 r...

231 3574 384 3650 quantum
406 3569 533 3652 quidem
555 3585 596 3636 ex
616 3567 680 3654 his,
712 3579 777 3650 qua
795 3570 870 3632 sunt
895 3563 1086 3646 exiguitate,
1116 3561 1222 3646 colligi
1240 3569 1346 3647 potest

304 3768 322 3837 1)
340 3768 405 3826 Non
422 3777 497 3828 recte
515 3768 681 3842 Bernhardy
697 3767 752 3824 loci
773 3767 936 3824 sententiam
965 3771 1107 3820 assecutus
1130 3770 1172 3818 est
1189 3779 1251 3844 cum
1274 3765 1343 3820 haec

233 3838 343 3906 diceret,
360 3840 480 3894 Grundr.
492 3842 518 3896 d.
531 3843 597 3896 rbm.
608 3839 685 3906 Litt,
702 3839 744 3892 ed.
756 3838 805 3892 IV.
824 3855 869 3908 pg.
886 3835 950 3890 641³:
970 3834 1065 3890 Cicero
1105 3834 1166 3888 dem
1176 3833 1343 3887 semchrm

231 3907 358 3962 hechliae
377 3908 504 3963 mannen
526 3942 554 3951 -
572 3907 708 3974 (srmrusa
726 3911 886 3962 sacramen
906 3919 949 3984 mg
975 3875 1230 3983 masuram,
1248 3901 1341 3955 vora.

231 3975 362 4030 iibriim.
384 3976 484 4030 Gesch.
503 3977 681 4056 11.,pg.62)
707 4005 739 4016 -
768 3976 818 4029 hat
835 3974 908 4028 wohl
925 3989 965 4025 nc
985 3977 1027 4042 t1g
1043 3969 1204 4043 geurtherlt,
1233 3969 1344 4049 dassen

233 4049 325 4100 auersi
341 4043 419 4098 einen
440 4044 492 4100 Stil
509 4045 539 4098 in
557 4046 601 4098 dre
618 4041 859 4114 Historiographie
877 4041 1020 4113 gebracht,
1037 4041 1128 4093 indam
1147 4055 1177 4092 er
1194 4037 1343 4092 {iusserhch

232 4112 401 4169 rhetorisehe
415 4112 526 4168 Farben
541 4113 638 4168 auftru
665 4153 672 4182 ,
710 4117 777 4184 „gut
793 4121 887 4184 genug
903 4109 950 4166 liu·
974 4107 1053 4164 einen
1076 4111 1223 4162 exomator
1244 4123 1343 4174 rerum,

231 4199 267 4241 au
285 4181 375 4260 wenig
392 4180 536 4237 fairaihan
553 4183 602 4237 Ru
658 4183 712 4238 er.“
