3024 4870
760 323 905 396 68³

225 491 618 579 ramosissimum
639 493 804 577 suppbotur
824 499 860 564 ut
881 499 937 560 aut
965 492 999 560 in
1027 492 1191 578 prooemii
1213 499 1274 561 ant
1299 494 1333 562 in

225 579 386 680 nsrrapda
413 598 456 677 re·
480 579 620 678 quadam
650 580 909 664 assperiodbus
936 578 1023 644 varie
1051 577 1169 645 medita
1192 581 1335 648 Coelium

223 683 386 748 compsisse
406 670 635 734 exntrmemus:
656 682 691 729 se
711 664 790 733 heac
801 683 932 732 narrare
943 671 1085 730 secutum
1106 683 1161 730 eos
1181 666 1236 748 qni
1255 685 1334 733 uera

224 750 351 824 omnino
371 749 542 848 tradidisse
562 748 792 900 putaremus?
816 787 856 798 --
870 749 1000 816 Minime
1015 748 1111 832 igitur
1135 751 1333 833 spernendas

223 843 254 905 ct
274 836 325 900 vcl
347 855 457 917 magur
484 854 517 902 uu
544 854 602 902 sno
624 853 741 916 genere
782 833 932 902 sciendus
954 833 1044 899 nobis
1066 841 1116 901 cst
1138 837 1333 922 scriptoris,

223 919 277 1004 qni
297 920 371 988 licet
391 917 434 986 ad
453 918 594 1003 fabulas,
617 918 774 1002 prodigia,
795 920 939 1001 aliasque
961 918 1028 984 ains
1050 918 1179 1002 generis
1197 922 1330 986 rrarratiP

222 1005 353 1104 unctius
375 1003 464 1087 operi
481 1023 539 1070 suo
564 1003 749 1071 inserendas
770 1023 945 1088 propensus
975 1003 1085 1085 inerit,
1115 1011 1235 1070 tamen,
1251 1017 1334 1088 quse

224 1109 363 1159 omnium
382 1089 449 1156 fere
468 1088 530 1156 illis
552 1087 744 1172 temporibus
773 1095 857 1156 esset
884 1087 1062 1156 credulitati
1090 1108 1154 1154 non
1175 1091 1333 1157 summes

222 1194 380 1274 summum
402 1174 578 1242 illudentis
602 1173 768 1243 historicae
789 1181 994 1257 pracceptum
1017 1175 1182 1256 amplexus
1205 1175 1260 1260 sit;
1292 1185 1334 1250 et,

221 1279 248 1359 pr
269 1259 505 1358 concedendum
528 1258 653 1340 quidem
678 1278 804 1341 semper
817 1257 1048 1340 eritsccidisse,
1072 1265 1107 1324 ut
1129 1279 1189 1342 pro
1202 1259 1333 1338 humani

221 1364 343 1426 mgcnu
363 1351 478 1414 natura
499 1350 625 1424 erraret,
648 1349 762 1424 sponte
777 1363 819 1410 ac
840 1343 1064 1410 consiliotedsa
1076 1363 1148 1413 cum
1164 1345 1332 1417 tradidisse

221 1429 349 1530 credere
369 1448 433 1527 pon
454 1447 634 1526 *possumne
665 1463 707 1476 -
735 1427 826 1514 Quae
848 1428 974 1509 quidem
1006 1428 1162 1496 sententia
1190 1437 1331 1496 veterum

220 1519 406 1587 testrmonus
429 1533 542 1610 murum
565 1519 716 1593 quinum
735 1512 960 1580 confirmatur..
980 1513 1064 1578 Nam
1083 1514 1157 1580 lieet
1177 1516 1247 1594 quis
1267 1536 1331 1582 non

221 1600 354 1675 muitum
374 1598 481 1669 veiam
503 1597 587 1668 dunat
607 1596 694 1676 quod
707 1597 850 1673 Valerius
861 1597 1023 1666 Maximus
1033 1604 1153 1662 certum
1166 1600 1331 1666 Romanae

220 1684 370 1756 historiae
390 1689 551 1754 auctorem
572 1681 714 1752 eoseum
735 1682 913 1765 appellarit,
935 1681 1045 1748 Cicero
1064 1682 1186 1748 Latinis
1208 1684 1330 1750 bistmi

220 1769 431 1844 cisomuibus
452 1767 580 1851 saepius
602 1785 674 1833 eum
696 1767 847 1850 laudauit,
869 1767 1047 1849 virumque,
1069 1767 1102 1832 id
1123 1769 1209 1847 quod
1229 1771 1330 1834 mari·

221 1873 306 1930 mmm
327 1860 383 1950 est,
406 1852 483 1924 dicit
503 1853 699 1935 „optimum“
720 1851 772 1925 (de
793 1870 836 1918 or.
849 1851 890 1932 II,
913 1853 985 1935 12);
1009 1851 1331 1935 sincerrimeque

220 1937 435 2020 acPclybium
451 1937 544 2014 (Plut.
558 1937 644 2005 Brut.
652 1937 686 2013 4)
700 1933 732 2001 O.
746 1952 808 2015 que
819 1935 979 2004 Fannium
993 1935 1069 2012 (eie.
1087 1937 1329 2020 eddrt.XII,b).

221 2023 355 2120 dignpm
376 2021 498 2094 censuit
517 2022 607 2091 cuium
622 2019 780 2102 epitomen
793 2020 919 2090 iaceret.
931 2023 955 2104 ²)
978 2020 1088 2087 livius
1099 2028 1205 2088 eutem
1220 2025 1330 2104 quenti

220 2109 364 2186 Coenum
381 2107 494 2205 feeerit
519 2126 560 2173 es
580 2105 658 2189 ipsis
687 2105 748 2172 illis
775 2103 853 2176 locis
882 2105 935 2174 ubi
957 2105 1073 2172 diserte
1094 2125 1165 2182 cnm
1188 2107 1331 2176 laudauit

218 2230 260 2291 7-
280 2193 315 2268 iu
334 2211 516 2266 umversem
529 2198 640 2260 autem
656 2189 696 2258 de
711 2191 772 2257 hac
788 2209 823 2254 re
839 2191 922 2256 inira
945 2191 1138 2258 deseremus
1155 2229 1197 2248 ,-.
1210 2194 1330 2276 optime

217 2277 417 2374 mtellegitm.
446 2275 601 2352 Quamuis
624 2274 707 2340 enim
729 2273 771 2338 de
795 2294 881 2346 more
901 2295 959 2342 suo
976 2282 1010 2340 ct
1032 2276 1160 2342 omnino
1185 2289 1327 2344 ueterum

219 2362 435 2458 historicorum
459 2368 525 2433 tum
547 2360 675 2430 demum
704 2377 775 2425 eum
803 2359 916 2430 afferre
936 2361 1057 2439 soleat,
1090 2380 1165 2426 cum
1195 2365 1235 2428 ab
1258 2363 1330 2430 cine

218 2453 376 2524 sententia
396 2446 522 2529 recedit,
543 2461 703 2523 nunquam
724 2451 831 2508 tamen
856 2449 944 2510 tanto
963 2464 1034 2510 cum
1050 2445 1185 2527 fastidio,
1208 2456 1328 2528 qnmto

221 2551 248 2600 c.
254 2552 288 2614 g.
297 2530 459 2628 Valerium
465 2529 625 2598 Antiatem
631 2528 813 2606 ¹(XXXVI,
826 2531 876 2597 49.
890 2529 1046 2609 XXXIII,
1055 2531 1103 2596 10.
1116 2531 1249 2616 XXXV,
1260 2533 1326 2618 38),

220 2637 292 2684 enm
311 2623 463 2692 nommat
486 2615 544 2682 sed
566 2632 692 2696 semper
713 2613 790 2680 satis
810 2613 1016 2683 honorificam
1038 2615 1229 2684 mentionem
1250 2617 1328 2684 facit

219 2703 350 2802 eiusque
362 2701 550 2778 sententiam
565 2697 769 2782 argumentis,
783 2705 909 2780 praeter
921 2699 1187 2779 consuetudinem,
1203 2701 1327 2769 refutat.

220 2787 273 2866 Suc
284 2783 374 2869 XXI,
397 2785 449 2853 38.
466 2791 642 2870 postquam
661 2789 754 2853 suam
773 2783 937 2867 proposuit
957 2783 1148 2852 sententiam
1159 2823 1203 2850 -s
1216 2805 1327 2867 quam-

226 2959 429 2974 *ιιι-ι·-

229 3019 232 3029 ⁴
290 3043 308 3111 ¹)
326 3041 407 3122 Quod
427 3055 482 3094 vsn
500 3037 554 3093 den
570 3036 677 3158 Berfih',
709 3037 743 3092 de
763 3036 821 3102 ant⁸
843 3034 962 3116 piissimis
981 3033 1123 3096 nnnclium
1144 3033 1326 3105 scriptoribus

218 3107 364 3177 Romame,
394 3123 440 3180 pg.
459 3105 505 3174 68,
532 3101 622 3178 (Gryp
644 3105 753 3172 .18.b9.)
781 3122 829 3158 ver
849 3123 872 3158 rs
902 3103 967 3184 „qui
985 3101 1150 3174 intellegunt
1168 3118 1238 3174 qnae
1255 3096 1325 3156 fiant

218 3171 431 3233 dissentimus
458 3173 567 3245 (fragm.
585 3176 621 3242 b.)
644 3178 727 3226 aucta
746 3171 781 3226 de
804 3189 853 3226 sno
877 3171 992 3226 arbitrio
1018 3171 1154 3224 sententia
1178 3167 1327 3242 significari

236 3247 335 3314 nterii,
351 3261 407 3316 qua
423 3248 514 3298 mente
531 3240 641 3296 Coelius
656 3239 799 3298 historiam
816 3241 950 3308 tractarit,
967 3245 1064 3308 utpote
1082 3239 1131 3310 qui
1149 3239 1324 3306 „dissentiret

236 3315 242 3328 '
263 3315 330 3369 isset
351 3313 403 3382 „ab
422 3309 590 3380 imperitiore
603 3310 781 3367 credulorum
801 3309 965 3378 scriptorum
988 3314 1099 3363 caterva
1116 3307 1183 3362 honi
1205 3323 1264 3362 esse
1283 3307 1323 3362 hi·

217 3384 334 3451 storici“,
351 3381 508 3504 puteumque
525 3395 581 3448 que
589 3379 672 3458 decet
683 3377 811 3432 cautione
822 3378 855 3431 de
868 3377 972 3432 talibus
987 3375 1109 3435 iudicare
1124 3376 1194 3430 solet
1231 3374 1325 3432 robori

217 3451 294 3507 nullo
311 3467 354 3504 mo
375 3464 487 3519 oposse
505 3452 660 3517 perspiciet.
679 3477 710 3484 —
727 3447 798 3500 Item
816 3445 905 3500 minus
922 3450 996 3498 recto
1014 3443 1108 3500 Nauta
1124 3461 1171 3514 pg.
1191 3395 1230 3495 IX
1247 3439 1323 3498 Cice·

215 3521 290 3574 mnis
305 3517 389 3573 verba
405 3533 453 3583 ror.
471 3517 515 3579 69)
533 3530 566 3583 ,,ο
584 3515 672 3568 uirum
690 3513 839 3584 simplicem
856 3514 903 3584 qui
921 3529 972 3566 nos
991 3512 1062 3566 nibil
1078 3511 1163 3565 cclct“
1182 3511 1218 3564 ad
1236 3509 1322 3565 coelii

215 3587 297 3642 fidem
314 3592 437 3656 spectare
456 3583 584 3653 opinatus
602 3588 651 3637 est.
676 3613 707 3621 —

285 3690 305 3755 ²)
324 3687 367 3744 Cf.
385 3685 442 3740 Cic.
463 3685 500 3739 ad
517 3685 576 3742 Att
593 3683 674 3750 XIII,
693 3683 717 3736 8.
737 3688 765 3738 et
781 3681 879 3752 fragm.
897 3681 945 3736 37:
963 3679 1103 3748 „Subinde
1112 3677 1206 3748 Nepos
1224 3676 1259 3730 de
1274 3677 1323 3730 inl.

216 3757 280 3812 viris
298 3756 333 3810 ΙΙ.
351 3755 400 3810 sed
418 3760 446 3808 et
462 3754 565 3808 Brutus
581 3757 610 3806 et
630 3751 740 3806 Coelius
756 3751 915 3820 frequenter
939 3764 971 3802 co
988 3747 1031 3800 usi
1049 3750 1143 3812 snnt“;
1174 3762 1239 3798 nam
1257 3761 1322 3801 sane

217 3827 260 3880 vel
275 3825 348 3880 ultro
364 3823 425 3878 fieri
441 3822 569 3889 debebat,
587 3825 619 3874 ut
635 3820 739 3874 Brutus
756 3819 786 3872 in
802 3819 920 3888 epitome
934 3817 1019 3870 isdem
1028 3814 1130 3884 quibus
1138 3813 1249 3868 Coelius
1264 3829 1321 3868 ver-

214 3895 257 3948 bis
275 3898 406 3949 uteretur.
426 3921 456 3933 ·-
475 3891 555 3954 Quod
573 3894 617 3942 est
631 3905 677 3958 ap.
695 3889 869 3952 Frontonem,
886 3901 929 3953 sp.
947 3885 983 3938 ad
993 3883 1030 3938 M
1044 3883 1120 3944 Osce.
1132 3882 1156 3950 1,
1173 3884 1198 3948 9,
1214 3899 1261 3952 pg.
1271 3883 1304 3941 21
1315 3902 1323 3935 ¹:

214 3961 374 4031 ‚Materiam
392 3964 534 4018 cruentam
551 3957 650 4015 misisti
666 3956 745 4012 mihi:
775 3955 892 4010 necdum
910 3953 967 4023 legi
984 3949 1146 4007 Coelianum
1163 3955 1322 4020 excerptum

216 4031 291 4102 quod
306 4028 418 4096 misisti,
446 4043 499 4084 ¹uec
513 4028 605 4100 legam
623 4025 700 4094 prius
718 4041 802 4146 paam
819 4039 914 4078 sensus
929 4023 989 4090 ipse
1006 4025 1121 4076 versatus
1142 4017 1229 4075 fuero.
1266 4018 1321 4078 Sed

215 4115 259 4163 me
277 4096 402 4154 Caesarie
419 4096 507 4150 oratio
525 4095 620 4150 unceis
636 4093 724 4165 ungui
745 4111 778 4146 us
794 4091 901 4148 adtinet
917 4091 993 4160 sqq.“
1010 4089 1046 4142 cb
1063 4087 1074 4140 i
1094 4103 1155 4140 sum
1174 4087 1321 4150 sententia·

213 4184 273 4221 rum
292 4182 425 4220 conexum
442 4168 566 4234 spectare
583 4162 676 4233 potius
693 4161 802 4215 videtur
819 4161 856 4213 ad
872 4157 910 4212 M.
929 4156 1053 4212 Coelium
1096 4151 1184 4216 udum
