3024 4870
755 341 799 410 44

223 507 351 578 modum
372 505 475 574 simile
497 514 553 574 est.
595 509 684 576 Idem
708 511 750 576 ab
777 508 822 575 eis
850 509 904 591 qni
930 515 1004 574 ante
1025 508 1169 574 Coelium
1199 507 1331 574 annales

222 592 414 676 scripserunt
434 592 552 658 sactum
574 613 655 676 esse,
676 601 708 660 ct
729 596 915 679 scriptorum
936 593 1122 660 testimoniis
1144 594 1245 696 <velut
1267 592 1332 660 oio.

226 680 309 749 Brut
332 679 381 742 21.
410 678 460 742 23.
495 678 535 742 de
568 699 611 744 or.
635 681 665 762 I,
697 681 747 746 53.
785 680 851 762 Liv.
886 681 989 755 XLV,
1026 679 1076 744 25.
1110 685 1183 763 eprt.
1215 678 1330 742 XLIX

225 763 304 830 Gell.
317 763 404 845 xlii,
421 759 476 844 24)
498 768 529 827 st
550 762 624 828 item
643 784 752 830 eorum
766 765 952 848 fragmentis
969 764 1179 847 confirmatur,
1201 784 1261 828 nec
1274 781 1333 844 per

225 867 261 916 se
282 848 395 912 mirum
415 854 471 913 est.
516 846 582 912 Sed
606 851 767 931 quaeritur
786 857 889 917 utrum
910 850 1031 932 primus
1053 848 1178 915 Coelius
1199 849 1289 912 fictas
1311 867 1333 910 a

225 953 260 1000 so
282 932 440 1000 orationes
462 931 636 1016 inseruerit,
659 935 691 1004 id
708 937 793 1016 quod
803 934 945 1002 nonnulli
966 934 1083 1000 factum
1104 933 1333 1017 putaverunt,²)

223 1037 336 1100 necne;
367 1037 442 1082 nam
466 1036 545 1084 sane
563 1021 743 1086 testimonio
762 1021 818 1086 ills
840 1020 947 1086 omnia
968 1019 1186 1086 adorationes
1210 1024 1331 1082 tanturn

225 1123 260 1168 re
284 1121 361 1168 vera
381 1109 476 1166 antea
496 1101 621 1170 habitos
644 1115 803 1189 spectant3
829 1143 865 1154 —-
888 1125 983 1186 quom
1004 1111 1111 1170 tamen
1132 1124 1199 1169 rem
1223 1102 1334 1167 etism·

224 1208 308 1257 nunc
328 1186 500 1266 diiudicari,
520 1207 615 1270 posse
637 1211 701 1256 non
722 1192 824 1259 credo.
860 1189 1023 1256 Sententia
1044 1189 1127 1254 enirn
1150 1189 1206 1253 illa
1223 1207 1334 1269 quam-

226 1274 274 1338 vis
296 1273 340 1337 ad
361 1272 512 1338 historiae
533 1281 678 1340 naturam
700 1296 737 1342 ac
755 1277 918 1354 rationem,
940 1293 1022 1354 quae
1040 1274 1094 1339 illo
1108 1281 1250 1357 tempore
1266 1271 1334 1336 fuc-

227 1357 275 1434 rit,
298 1355 539 1422 accommodata
562 1379 632 1425 esse
652 1361 810 1427 videatur:
834 1359 903 1440 quis
924 1359 1063 1442 tandem,
1086 1379 1214 1441 quaeso,
1238 1356 1334 1424 etiam

227 1442 394 1526 scriptores
417 1441 525 1508 Coelio
548 1444 756 1528 antiquiores,
787 1445 839 1510 nbi
866 1445 982 1509 idonea
1009 1464 1118 1510 earnm
1145 1447 1336 1526 argumento

229 1526 419 1611 invenirent,
442 1526 599 1594 orationes
617 1565 655 1576 -
678 1530 711 1595 id
733 1531 817 1614 quod
839 1529 966 1595 omnino
987 1535 1110 1596 veteres
1131 1526 1269 1594 historici
1289 1525 1335 1590 f-

229 1618 338 1678 uerunt
359 1651 402 1662 -
422 1611 551 1678 finxisse
572 1622 603 1680 et
627 1616 718 1694 quasi
740 1617 780 1682 ab
803 1614 980 1682 hominibus
1001 1634 1106 1681 rerum
1127 1634 1148 1680 a
1169 1631 1205 1680 se
1225 1629 1335 1677 narre-

225 1704 330 1763 tarum
353 1698 448 1762 nexui
469 1697 637 1783 implicatis
658 1701 782 1768 habitas
801 1699 1005 1785 proposuisse
1024 1699 1214 1782 negaverit?
1256 1698 1335 1762 For·

226 1789 312 1848 tasse
328 1782 424 1865 igitur
443 1786 503 1852 hoc
523 1786 741 1852 tantummodo
764 1785 980 1869 accipiendum
1002 1783 1092 1849 nobis
1113 1789 1171 1861 est,
1192 1781 1336 1849 Coelium

226 1867 337 1934 ceteris
354 1870 481 1951 saepius
500 1868 578 1932 iliud
599 1870 711 1936 iecisse
732 1909 775 1920 -
797 1877 847 1944 (oc
870 1889 948 1934 sane
968 1869 1042 1934 belli
1055 1867 1166 1934 Punici
1178 1869 1217 1934 11.
1238 1866 1336 1932 histo-

226 1952 306 2028 rism
325 1952 441 2018 multos
461 1954 614 2020 eiusmodi
635 1956 816 2022 occasiones
838 1953 989 2030 obtulisse
1008 1960 1253 2020 consentaneum
1272 1951 1336 2035 cst)

227 2075 269 2086 -
292 2038 516 2122 orationesque
535 2039 663 2106 finxisse
685 2047 732 2124 et,
763 2041 848 2122 quod
879 2039 1005 2120 quidem
1037 2037 1207 2104 discrimen
1231 2036 1264 2100 in
1287 2036 1336 2100 his

227 2121 431 2190 statuendum
449 2133 505 2209 cst,
528 2126 580 2192 ubi
592 2147 666 2194 vero
687 2125 864 2193 habitorum
885 2130 1074 2208 argumente
1095 2123 1337 2208 apudsnctorcs

229 2228 305 2274 suos
326 2208 490 2292 inveniret,
512 2217 544 2275 et
565 2212 618 2277 ubi
640 2212 770 2278 erebus
789 2211 887 2294 gestis
909 2215 1041 2292 tantum,
1066 2227 1149 2290 quae
1170 2225 1268 2273 unum
1290 2206 1336 2270 al-

231 2299 372 2360 terumve
392 2294 496 2360 dicere
535 2297 652 2362 otuisse
673 2301 807 2379 putaret,
829 2296 899 2379 ipse
918 2294 1088 2376 colligeret

314 2379 478 2446 Postremo
502 2315 542 2444 A
563 2381 701 2448 tontibus
732 2388 763 2446 et
792 2379 978 2446 auctoritate
999 2380 1035 2443 L.
1058 2377 1159 2445 Ocelii
1179 2373 1337 2458 Antipatri

229 2462 709 2634 truttuofflruttit
721 2463 942 2618 Atisim&
954 2464 1056 2616 tttt
1077 2468 1204 2629 {tito
1220 2479 1339 2628 iiii

231 2633 372 2702 uteretur
399 2635 452 2702 illo
484 2644 625 2720 tempore
660 2637 822 2702 etiamtum
849 2635 986 2700 habebnt
1015 2632 1166 2717 optimos,
1208 2630 1235 2696 si
1254 2629 1338 2712 .qui·

232 2717 305 2784 dem
333 2721 450 2786 summi
481 2722 554 2800 viri,
588 2722 641 2803 qui
671 2721 732 2806 ipsi
764 2722 847 2788 bello
880 2718 1106 2804 interfuissent,
1140 2717 1206 2782 eius
1240 2714 1338 2781 histo·

231 2802 312 2869 riam
343 2803 537 2889 scripserant
570 2813 601 2872 et
634 2808 738 2891 ipsum
769 2827 833 2873 non
866 2804 912 2870 ita
936 2805 1069 2870 multum
1102 2809 1177 2867 onte
1210 2805 1338 2899 gestum

232 2893 315 2971 erat,
348 2896 394 2975 ut,
430 2890 554 2960 etiamsi
583 2892 698 2960 oculati
727 2911 806 2974 qnos
834 2890 976 2958 vocarim
996 2896 1093 2956 testes
1115 2907 1179 2952 non
1208 2906 1272 2952 rom
1293 2905 1339 2950 vr-

232 2981 357 3056 verent,
385 2982 492 3044 tamen
514 2999 578 3049 non
597 2985 685 3045 certe
706 2977 865 3060 quaedem
890 2975 931 3040 de
960 2994 998 3041 eo
1028 2973 1119 3056 qussi
1145 2970 1339 3038 conscientia

234 3079 272 3124 so
306 3060 417 3126 notitia
443 3062 525 3130 inter
558 3083 668 3132 omnes
702 3068 883 3147 propagata
916 3065 1010 3127 esset.
1060 3061 1231 3124 Praetereo
1267 3075 1339 3122 cum

233 3143 335 3210 Laelii
367 3167 405 3212 ac
434 3147 569 3216 tortasse
598 3150 693 3214 etiam
723 3146 879 3231 Scipionis
922 3143 1149 3210 consuetudine
1190 3147 1337 3222 uteretur,

235 3248 328 3314 quem
357 3231 431 3296 inde
458 3235 501 3298 ad
526 3234 649 3302 illorum
678 3240 856 3316 temporum
884 3228 1027 3296 notitiam
1059 3229 1195 3294 fructum
1226 3244 1341 3308 capere

234 3315 385 3399 potuerit,
415 3317 484 3399 quis
511 3325 559 3384 est
585 3320 662 3401 quin
691 3317 797 3384 statim
820 3315 998 3399 agnoscat?
1042 3312 1168 3393 Fabiis
1193 3310 1291 3394 igitur
1310 3316 1343 3376 et

244 3471 331 3482 aum...
350 3471 377 3479 ...
395 3473 406 3478 ..
426 3471 444 3478 ,-

304 3537 323 3606 ¹)
346 3535 391 3593 sio
408 3534 487 3590 Leon
504 3535 539 3590 de
557 3535 673 3604 Olosset
710 3555 736 3608 g.
755 3538 820 3592 499:
843 3532 924 3592 Nous
948 3549 1033 3588 orons
1055 3551 1093 3588 ru
1116 3549 1161 3587 ces
1185 3532 1344 3602 harengues

237 3605 366 3676 (fiotivss)
386 3604 515 3676 penetrer
532 3603 598 3658 chen
615 3604 655 3659 les
698 3606 803 3661 omeins
821 3621 887 3659 erec
905 3601 1015 3658 Coelius
1032 3601 1188 3673 Antipater,
1204 3605 1256 3654 etc.
1337 3633 1341 3644 ·

306 3710 326 3776 ²)
358 3706 412 3762 Sed
433 3705 534 3760 iniuria
551 3705 646 3761 Neuts
671 3705 778 3776 pg.16.
807 3709 940 3826 ταιιῗιαω
968 3703 1027 3758 eius
1051 3702 1093 3756 rei
1112 3697 1299 3754 testimoninm
1319 3712 1343 3777 νε

237 3775 352 3864 Dionys.
370 3774 434 3829 Hal.
454 3773 490 3830 A.
503 3774 536 3830 R.
556 3774 579 3842 I,
595 3772 798 3856 79.'proposuit
817 3789 866 3857 rer
885 3789 903 3826 s
917 3771 1000 3856 thoec:
1020 3811 1058 3839 „.
1079 3809 1085 3823 .
1104 3772 1149 3850 (sc
1169 3767 1228 3835 mot
1244 3764 1344 3884 {tier

225 3839 1345 4026 ¹{tut'tututt“trustepertrectetur¹332:s

235 3979 951 4129 :totum'structurarum
967 3978 1238 4121 turtures,
1261 3985 1346 4087 :rr

236 4117 313 4253 (optumi
330 4117 476 4172 dicendum
494 4116 587 4188 potius
605 4122 664 4172 oret
682 4117 717 4204 de
733 4133 772 4169 ers
790 4129 862 4184 quse
878 4111 1009 4182 leguntur
1025 4128 1070 4180 ap.
1086 4109 1142 4164 Orc
1157 4107 1192 4161 dc
1207 4107 1262 4160 ὼν.
1277 4103 1300 4170 Ι,
1311 4102 1346 4156 26

275 4201 347 4256 sgm.
364 4185 415 4253 44).
