3024 4870
776 357 813 443 8,

232 549 326 616 alind·
343 545 503 637 quoddam
534 545 710 634 cognomen
733 545 878 630 baberet,
911 545 995 634 quod
1023 555 1130 614 tamen
1159 550 1273 630 postea
1302 543 1341 612 ob

233 636 390 720 Antipatri
412 655 570 718 agnomen
599 673 636 682 -
668 635 752 720 quod
771 655 834 720 qua
857 633 896 698 de
919 653 1016 702 eausa
1044 634 1073 698 ei
1096 632 1275 716 impositum
1303 631 1343 696 sit

232 743 290 786 nos
312 723 375 785 iam
398 720 575 804 perspicere
595 740 658 786 non
679 739 848 805 possumus
880 757 917 768 ·-
949 719 981 784 in
1004 718 1192 784 oblivionem
1213 733 1342 802 prorsus

233 807 348 873 abiret:
385 807 452 871 sine
481 805 575 871 dnbio
606 805 682 871 civis
702 805 880 874 Romanus
895 803 953 870 fuit
984 813 1016 869 et
1045 805 1180 869 honesta
1202 805 1339 888 quadam

232 892 315 956 ultae
338 890 522 956 condicione
545 909 620 956 usus
643 899 698 956 est.
733 892 773 955 ldt
794 891 839 956 sic
859 889 953 954 etiam
978 909 998 954 a
1019 885 1222 973 scriptoribus
1241 886 1340 953 omni-

232 977 298 1060 bus,
321 977 459 1040 maxime
481 975 674 1056 allicerene,
696 983 730 1040 ut
751 977 814 1040 iam
834 975 980 1056 vidimus,
1000 974 1082 1042 inter
1097 991 1238 1039 summos
1257 971 1343 1037 viros

230 1063 420 1128 nominatur.

275 1157 278 1164 '
317 1146 368 1210 Ad
389 1145 615 1229 rempublicam
637 1165 707 1211 eum
730 1165 793 1211 non
817 1145 987 1211 accessisse
1009 1164 1066 1229 pro
1088 1152 1173 1213 certo
1186 1143 1343 1209 affirmare

231 1232 350 1311 ausim,
372 1251 443 1296 cum
464 1251 523 1296 nee
545 1231 579 1296 in
597 1231 687 1297 fastis
709 1231 949 1314 magistratuum
975 1229 1041 1296 eius
1063 1249 1178 1295 nemen
1200 1229 1342 1293 invenia-

229 1326 283 1392 tur
304 1321 362 1380 ne'c
383 1317 448 1380 ullo
471 1316 540 1381 loco
563 1315 649 1400 apud
671 1324 794 1381 veteres
808 1315 982 1399 scriptores,
1005 1316 1038 1380 id
1057 1314 1142 1401 quod
1161 1314 1268 1400 utique
1289 1333 1328 1378 ex

234 1400 442 1486 spectandum
465 1408 542 1478 erat,
566 1402 632 1466 eius
654 1401 700 1466 rei
715 1401 832 1466 mentio
853 1401 924 1484 fiat,
949 1401 1201 1487 necquicquam,
1225 1397 1344 1484 opinor,

231 1495 266 1551 ut
289 1486 499 1551 etiamrecte¹
513 1487 636 1552 monuit
657 1487 782 1550 Krause
804 1487 822 1552 1,
845 1487 873 1571 1.,
895 1486 978 1551 hunc
1001 1487 1135 1551 eundem
1160 1504 1229 1550 esse
1251 1489 1342 1569 puta-

233 1570 313 1636 verit
336 1591 373 1635 ac
395 1573 429 1638 L.
454 1570 598 1637 Coelium
619 1572 725 1652 illum,
746 1573 799 1657 qui
820 1593 848 1640 a.
872 1573 942 1637 585.
963 1573 1088 1654 legatus
1107 1569 1235 1656 Illyrico
1254 1587 1344 1654 prae-

232 1663 299 1721 erat
322 1655 402 1733 (liv.
421 1656 548 1736 XLIII,
572 1659 643 1742 21);
677 1675 758 1744 quae
781 1657 906 1743 quidem
926 1658 1082 1723 sententia
1103 1657 1154 1722 vel
1175 1655 1244 1720 sola
1265 1659 1342 1720 tcm-

230 1759 342 1826 porum
365 1741 601 1826 computatione
623 1742 782 1808 refellitur.

318 1827 370 1890 111
388 1827 597 1910 profitentem,
619 1833 653 1890 ut
675 1827 765 1890 multi
788 1825 849 1904 alii,
874 1825 969 1890 etiam
984 1827 1018 1889 lo.
1038 1824 1176 1890 Licinius
1199 1823 1341 1907 Crassus,

234 1910 286 1994 qui
309 1911 493 1975 adolescens
521 1929 591 1974 eam
621 1911 784 1976 scientiam
806 1911 978 1976 admodum
1001 1909 1204 1977 vehementer
1226 1911 1344 1992 amplc-

232 2015 292 2060 xus
317 2001 348 2058 et
371 1996 405 2060 P.
429 2015 554 2080 qnoque
576 1995 671 2061 Mucii
693 1997 867 2063 Scaevolae
889 1995 1083 2062 institutione
1106 1995 1347 2077 diligentissime

234 2099 309 2145 usus
333 2081 487 2182 esglbic.
510 2080 550 2145 dc
572 2101 617 2148 01.
642 2083 668 2164 1,
699 2083 751 2161 db)
782 2082 910 2166 audivit,
923 2084 945 2162 1)
988 2094 1162 2166 posteaque
1191 2080 1283 2144 etiam
1315 2079 1347 2143 in

233 2165 434 2230 familiarium
456 2185 587 2231 numero
606 2166 725 2233 habuit.
835 2165 838 2170 ’

319 2249 462 2334 Denique
483 2251 613 2316 Graecis
633 2251 744 2317 litteris
767 2250 906 2316 Coelium
921 2249 1057 2324 ‚doctum
1082 2248 1193 2334 fuisse,
1223 2248 1346 2314 etiamsi

233 2353 297 2399 non
318 2342 427 2416 aperte
448 2336 686 2401 confirmaretur
705 2358 762 2419 eo,
796 2334 881 2420 quod
903 2353 942 2398 ex
963 2333 1061 2400 Sileni
1082 2352 1177 2419 opere
1196 2339 1346 2420 tanquam

232 2420 318 2484 fonte
329 2419 474 2486 hausisse
487 2421 598 2486 dicitur
622 2423 698 2500 (Cic.
713 2425 753 2488 de
775 2420 836 2485 div.
849 2419 874 2504 1,
899 2419 962 2504 24),
985 2420 1036 2484 vel
1060 2419 1127 2484 sine
1147 2418 1240 2492 certis
1262 2419 1346 2484 testi-

235 2503 347 2568 moniis
368 2509 508 2571 statuerc
528 2507 620 2572 mobis
642 2508 756 2574 liceret.
800 2507 867 2571 llas
897 2505 987 2569 enim¹
1001 2503 1147 2570 didicisse
1173 2505 1235 2570 illis
1263 2513 1349 2570 certe

235 2588 428 2672 temporibus
450 2599 481 2657 et
501 2592 629 2658 omnino
650 2593 771 2660 homini
801 2589 922 2656 eruditu
952 2589 1065 2675 cuique
1093 2598 1124 2654 ct
1151 2591 1289 2655 maxime
1319 2589 1348 2655 ei

235 2674 287 2760 qui
311 2675 411 2740 Laelii
432 2678 663 2744 consuetudine
683 2685 830 2764 uteretur,
853 2689 911 2762 per
931 2695 965 2740 se
984 2675 1196 2740 necessarium
1221 2695 1255 2740 cr
1276 2683 1296 2744 t.

760 2869 816 2954 H.

321 3014 584 3082 Jurisccnsultum
607 3017 704 3082 fuisse
725 3017 762 3082 L.
784 3014 925 3080 Coelium
945 3015 1147 3116 Antipatrum
1170 3011 1201 3076 in
1225 3017 1349 3076 antece·

241 3101 385 3169 dentibus
414 3101 478 3166 iam
501 3102 644 3166 vidimus.
689 3101 765 3168 Eius
795 3107 901 3164 tamon
933 3101 1027 3164 studir
1053 3120 1123 3167 cum
1154 3117 1213 3163 nec
1239 3114 1348 3162 monu-

242 3196 349 3258 menta
371 3186 437 3251 ulla
458 3195 581 3252 exstent
603 3209 661 3252 nec
683 3189 752 3272 ipse
773 3185 900 3249 omniuo
925 3185 965 3249 dc
983 3185 1049 3250 iure
1063 3186 1348 3251 civilicommeutu-

239 3273 303 3338 rios
326 3271 489 3355 scripsisse
510 3273 633 3338 dicatur
655 3283 710 3340 aut
730 3271 889 3336 videatur:
922 3278 1062 3336 veterum
1086 3291 1167 3358 quae
1193 3268 1233 3332 de
1256 3285 1294 3331 ca
1315 3283 1350 3329 re

239 3359 393 3423 habemus
415 3357 531 3421 iudicia
552 3359 642 3425 nobis
664 3356 826 3442 sequenda
845 3364 942 3422 erunt.
978 3355 1068 3434 Quae
1087 3357 1212 3442 quidem
1236 3352 1263 3418 si
1285 3349 1350 3416 cbi-

240 3450 289 3509 ter
309 3441 494 3526 inspexeris,
516 3440 602 3507 haud
622 3444 751 3526 paulum
776 3443 857 3506 inter
879 3461 914 3506 se
936 3442 1044 3508 differe
1066 3437 1276 3521 existimabis,
1299 3435 1350 3502 ui-

240 3545 312 3594 cere
334 3527 416 3592 enim
439 3545 509 3591 cum
528 3527 603 3592 iuris
624 3547 695 3593 eum
711 3528 794 3592 dieat
809 3524 906 3594 fuisse
920 3527 1015 3592 valde
1027 3527 1162 3611 peritum
1180 3521 1350 3604 (1111126),

287 3685 448 3693 ——----‹

312 3747 333 3813 ³)
351 3747 465 3800 Minime
481 3751 572 3802 eutem
589 3745 667 3802 locus
683 3746 738 3816 ille,
756 3751 856 3868 pppest
866 3747 900 3801 de
913 3762 952 3800 or.
965 3745 988 3814 l,
998 3745 1049 3815 55,
1067 3761 1122 3828 quo
1139 3747 1223 3802 studii
1241 3746 1349 3802 iuridici

243 3813 752 3888 ethortatoretmagisterssrassodomi
792 3811 1351 3884 ’ssedicitur‚ed(loelrumrcferemdusest3

244 3900 298 3936 non
318 3899 383 3936 sane
404 3899 459 3954 qno
476 3884 531 3937 tale
549 3901 648 3938 munus
666 3885 724 3940 eius
764 3900 876 3939 ersonae
893 3901 988 3955 parum
1008 3885 1167 3955 conarentur,
1194 3885 1266 3966 quod
1288 3899 1350 3954 pro-

244 3949 337 4020 posuit
351 3951 444 4006 Groen
462 3969 515 4004 van
535 3953 579 4006 Pr.
598 3971 644 4024 pg.
663 3955 688 4022 9,
705 3903 763 4008 1011>
771 3952 848 4023 quia,
880 3969 950 4024 quae
974 3948 1023 4008 ille
1043 3951 1105 4007 loco
1129 3954 1163 4008 de
1186 3969 1244 4008 enus
1266 3950 1350 4005 studii

244 4019 350 4073 ratione
387 4017 551 4087 referuntur,
570 4039 630 4075 cum
649 4022 695 4090 eis,
732 4037 785 4074 uae
799 4021 832 4075 de
847 4019 935 4075 eoelii
948 4019 1057 4074 iniuria
1076 4020 1190 4076 scientia
1206 4019 1351 4074 necunde

245 4087 360 4156 ratione,
400 4087 557 4158 amponium
576 4089 716 4161 aliumque
748 4089 863 4144 ieeronis
879 4087 970 4144 locum
991 4094 1109 4158 secutus,
1126 4089 1273 4144 statrrcnda
1292 4104 1351 4142 esce

246 4155 344 4226 putavi
361 4161 389 4210 et
404 4155 496 4210 statim
513 4173 661 4237 exponam,
679 4157 809 4230 coniungi
826 4159 909 4228 plane
925 4175 981 4214 non
1017 4163 1120 4212 011111.
1159 4158 1218 4212 1110
1236 4155 1284 4212 ille
1303 4155 1351 4228 qui

246 4222 421 4300 significetur
434 4224 514 4280 homo
532 4225 641 4279 vrdetur
656 4226 742 4282 fuisse
758 4223 789 4281 O.
801 4224 921 4295 Aculeo,
938 4225 972 4282 cf.
988 4177 1164 4298 (1101113,
1177 4225 1314 4296 191.11‚1,
1327 4223 1352 4280 9.
