3024 4870
793 345 835 412 30

261 513 397 598 tripudio
418 515 641 597 auspicaretur,
662 513 815 595 pullarius
837 515 920 580 diem
940 515 1051 599 proelii
1077 516 1292 582 committendi
1311 517 1374 581 dil-

261 601 389 664 ferebat.
434 601 516 662 Tum
539 599 713 662 Flaminius
738 619 777 662 ex
800 619 837 664 eo
861 600 1032 682 quaesivit,
1060 601 1087 666 si
1107 623 1148 667 ne
1168 608 1280 686 postea
1302 602 1373 682 qui-

263 685 335 748 dem
358 685 436 768 pulli
457 691 671 768 pascerentur,
690 685 764 764 quid
786 685 965 750 faciendum
988 693 1079 753 esset.
1111 689 1191 754 (lum
1211 687 1263 750 1116
1283 686 1372 768 6616-

266 769 417 835 scendum
439 769 669 852 respondisset,
698 769 888 836 Flaminius:
920 772 1090 836 Praeclara
1118 793 1192 838 vero
1222 772 1372 855 auspicia,

261 855 288 920 si
317 855 523 919 esurientibus
546 854 639 938 pullis
669 856 806 936 rangeri
828 857 957 938 poterit,
988 857 1101 921 saturis
1130 858 1207 922 nihil
1230 864 1371 939 gerctnr;

263 940 371 1021 itaque
391 941 484 1022 signa
506 939 640 1004 convelli
669 941 700 1003 61
723 959 757 1004 66
778 942 866 1021 66661
886 942 983 1008 iussit,
1029 941 1099 1018 Quo
1126 948 1269 1026 tempore
1298 961 1369 1005 cum

259 1025 388 1107 signiter
411 1024 503 1108 primi
530 1024 646 1088 hastati
672 1024 795 1105 signum
820 1047 882 1089 non
912 1034 1020 1110 posset
1042 1046 1170 1092 movere
1192 1029 1277 1108 loco,
1310 1047 1368 1091 666

259 1110 431 1192 quidquam
452 1111 654 1193 proficeretur
678 1109 784 1192 616166
804 1131 874 1175 6616
897 1112 1099 1192 accederent,
1124 1111 1300 1176 Flaminius
1321 1131 1367 1174 re-

259 1195 405 1258 nuntiata
441 1217 497 1260 sno
525 1215 613 1258 more
641 1195 789 1276 neglexit.
834 1202 946 1276 Itaque
963 1197 1077 1262 'tribus
1109 1198 1194 1261 horis
1225 1196 1368 1262 66661666

258 1280 414 1344 exercitus
443 1287 537 1360 atque
561 1279 630 1362 ipse
655 1279 838 1344 interfectus
867 1287 922 1346 est.
966 1283 1118 1363 Magnum
1152 1283 1229 1345 illud
1261 1281 1367 1359 etiam,

258 1365 344 1445 quod
366 1364 487 1428 addidit
502 1364 636 1440 Coelius,
661 1384 697 1426 eo
718 1370 859 1448 ternpore
881 1365 960 1448 ipso,
984 1385 1055 1429 cum
1068 1367 1128 1432 hoc
1146 1366 1366 1431 calamitosum

257 1450 344 1513 lieret
375 1448 548 1531 proelium,
585 1455 690 1513 tantos
716 1454 819 1513 terrae
846 1457 950 1515 motus
973 1451 1006 1514 in
1031 1451 1216 1534 Liguribus,
1252 1452 1365 1528 Gallia,

260 1533 537 1616 compluribusque
563 1533 674 1598 insulis
698 1539 828 1616 totaque
850 1534 945 1599 Italia
973 1537 1074 1600 166166
1096 1557 1182 1614 6666,
1214 1543 1248 1601 61
1270 1537 1364 1599 multa

259 1619 378 1704 oppida
400 1619 584 1695 corruerint,
616 1619 723 1684 multis
744 1620 820 1685 16616
851 1620 941 1685 labes
963 1621 1067 1686 166166
1089 1623 1167 1700 6161,
1201 1628 1360 1701 terraeque

257 1704 455 1783 desederint,
485 1703 679 1784 fluminaque
707 1704 738 1768 in
768 1707 942 1770 contrarias
971 1711 1078 1790 661166
1099 1707 1247 1770 fluxerint
1266 1711 1360 1786 atque

259 1809 368 1854 omnes
390 1809 478 1853 mare
499 1789 668 1856 influxerit.
713 1789 776 1856 (iic.
800 1791 839 1855 de
862 1789 924 1854 dir.
947 1796 971 1868 Ι,
994 1793 1043 1855 35.

342 1891 383 1953 46
399 1887 438 1972 Β)
469 1891 504 1955 O.
518 1889 708 1953 Flaminium
730 1890 854 1956 Coelius
876 1891 1029 1974 religione
1050 1891 1197 1974 neglecta
1219 1891 1368 1957 cecidisse

261 1973 347 2056 apud
376 1973 595 2038 Trasimenum
625 1975 730 2039 scribit
761 1996 830 2040 curn
860 1996 978 2058 magno
1007 1976 1197 2060 reipublicae
1230 1979 1368 2042 vnlnere.

261 2060 324 2124 Cic.
349 2059 389 2123 de
411 2065 474 2123 nat.
498 2058 583 2125 deor.
600 2061 684 2144 11,3,-
707 2062 735 2124 8.

328 2159 541 2228 Fragmentum,
572 2162 645 2230 quod
664 2163 756 2232 priore
779 2162 840 2215 1666
864 2163 957 2230 66661,
987 2168 1076 2216 totum
1101 2178 1152 2214 666
1175 2161 1367 2213 166166161οά6

292 2227 358 2279 inde
387 2244 404 2278 6
430 2229 521 2280 verbis
547 2247 698 2296 „magnum
722 2229 791 2281 illud
818 2229 901 2282 611616
921 2234 996 2282 6161*
1031 2229 1126 2284 Coelio
1152 2227 1367 2280 adscribendum

300 2310 369 2359 6666,
389 2301 417 2345 61
435 2296 523 2348 611616
540 2313 622 2365 66661
640 2296 730 2348 adieci
748 2295 890 2348 Ciceronis
908 2299 979 2363 1666,
998 2304 1027 2352 61
1044 2298 1182 2352 166611666
1202 2296 1300 2374 „quod
1320 2295 1367 2347 ad·

295 2361 366 2414 didit
383 2359 516 2414 Coelius*
535 2370 564 2416 61
583 2365 694 2416 6616166
708 2379 749 2427 66,
766 2380 838 2432 6666
849 2364 921 2417 16161
933 2365 1001 2418 duas
1013 2365 1076 2418 illas
1091 2365 1258 2418 narrationis
1272 2369 1367 2430 partes

296 2430 452 2497 intercedit,
470 2431 577 2485 ratione
595 2438 691 2500 aperte
709 2432 927 2499 demonstratum
946 2433 1045 2486 611166
1064 2439 1172 2486 tantum
1189 2433 1367 2483 statuendum

296 2505 352 2565 661,
378 2498 496 2566 priorem
517 2499 575 2552 6166
600 2509 705 2569 partem
732 2501 768 2553 ab
792 2500 853 2552 aliis
881 2517 934 2568 quo
957 2518 992 2553 ne
1017 2502 1160 2555 annalium
1184 2499 1366 2566 scriptoribus

293 2567 554 2634 661161616161666,
574 2571 753 2637 posteriorem
772 2584 788 2620 a
807 2569 866 2622 solo
885 2519 994 2637 1166116,
1021 2571 1067 2638 661
1087 2569 1197 2638 quidem
1217 2566 1364 2618 1666116616

295 2651 313 2685 6
330 2634 424 2688 Sileno
445 2652 506 2689 eam
524 2637 648 2705 accepit3
667 2654 730 2690 nam
746 2636 821 2702 apud
835 2637 971 2689 Zonaram
990 2653 1108 2708 quoqne,
1128 2636 1204 2702 VIII,
1218 2635 1259 2699 25,
1276 2642 1365 2686 terrae

299 2710 390 2754 motus
409 2703 460 2772 illi,
476 2711 504 2756 et
521 2705 633 2774 quidem
653 2705 702 2757 soli
722 2704 830 2756 omissis
849 2704 984 2774 prodigiis
999 2735 1025 2742 ψ
1048 2721 1120 2773 6666
1143 2721 1193 2772 661
1213 2720 1242 2754 66
1261 2702 1298 2755 nd
1313 2703 1364 2754 Ro·

295 2787 392 2824 1116666
410 2771 503 2836 potius
521 2773 669 2839 scriptores
687 2788 769 2842 quam
787 2772 822 2823 ad
834 2772 958 2826 Graecos
975 2773 1123 2827 referenda
1139 2781 1220 2824 61661
1241 2800 1276 2810 -
1294 2787 1364 2824 com·

296 2844 490 2892 memorantur.
509 2837 660 2892 Coelianae
674 2847 768 2893 661661
781 2841 947 2894 narrationis
961 2843 1075 2911 propria
1087 2841 1155 2893 11666
1169 2841 1223 2893 1116
1237 2839 1364 2892 fuerunt:

293 2913 325 2957 nt
343 2912 521 2960 narrarentur
551 2909 691 2978 prodigia,
715 2916 805 2961 terrae
832 2917 936 2975 motus,
966 2909 1099 2978 temporis
1126 2925 1182 2977 quo
1208 2912 1363 2976 pugnatum

294 2981 369 3026 esset
386 2975 515 3042 spatium.
550 2977 671 3040 Quorum
691 2977 803 3057 quidem
821 2979 926 3030 nullum
946 3007 977 3018 -
996 2985 1025 3030 61
1043 2977 1077 3028 de
1095 2975 1235 3045 prioribus
1256 2973 1364 3028 dnobus

294 3041 323 3095 id
347 3059 382 3094 66
411 3046 628 3113 exspectandum
660 3045 769 3115 quidem
795 3054 855 3097 erat
882 3074 913 3084 -
941 3045 1016 3114 apud
1041 3044 1189 3113 Polybium
1217 3041 1363 3106 invenitur,

295 3117 391 3164 contra
409 3114 501 3164 omnia
520 3113 574 3166 tria
592 3131 635 3182 ap.
652 3113 712 3166 Liv.
730 3111 827 3177 XXII,
844 3113 911 3166 3-11
930 3115 1049 3179 (1161616
1070 3113 1132 3166 loco
1150 3111 1185 3164 61,
1203 3109 1366 3177 Ρ6161,1.1.

297 3197 345 3248 pg.
364 3179 490 3248 31-33);
519 3181 592 3234 hunc
612 3182 710 3249 igitur,
734 3180 783 3232 ubi
806 3180 865 3232 eius
889 3181 975 3234 verba
993 3197 1050 3234 non
1075 3180 1145 3233 adeo
1164 3195 1225 3231 cnm
1245 3175 1364 3248 Polybio

292 3253 448 3313 congruant
465 3257 496 3300 ut
513 3257 588 3302 certo
606 3267 668 3302 eum
692 3255 805 3300 secutus
830 3265 889 3301 6666
910 3247 1052 3316 putandus
1079 3249 1129 3312 sit,
1152 3247 1275 3300 Coelium
1301 3251 1365 3298 6616

294 3315 388 3366 666166
408 3315 538 3368 habuisse
555 3323 681 3386 apparet.
718 3315 826 3369 Livium
849 3315 958 3368 demum
982 3315 1088 3368 fontem
1118 3316 1275 3367 habuerunt
1293 3315 1366 3366 Ρ161.

292 3381 361 3436 Feb.
383 3381 415 3448 33
441 3383 505 3436 item
526 3383 598 3438 Flor.
618 3384 653 3450 11,
671 3385 700 3450 63
726 3384 842 3436 eundem
864 3384 1032 3451 expressisse
1053 3383 1162 3435 videtur
1182 3383 1231 3436 Sil.
1250 3382 1312 3434 Ital.
1332 3379 1365 3444 V,

294 3450 395 3520 66666.
410 3451 525 3520 622666.
545 3453 673 3520 idemque
690 3453 837 3520 quominus
851 3452 945 3505 Valer.
958 3452 1031 3504 ltlax.
1048 3452 1069 3514 1,
1082 3450 1105 3503 7.
1124 3451 1226 3504 1661666
1245 3455 1365 3502 61616616

297 3520 357 3576 6616
382 3519 531 3588 quaedam·
547 3519 575 3571 in
599 3537 713 3572 numero
738 3519 910 3585 captivorum
930 3519 1087 3572 differentia
1102 3535 1145 3570 me
1164 3519 1294 3588 impedit3
1319 3517 1366 3586 qni

295 3588 405 3655 quidem
424 3604 486 3638 cum
505 3594 595 3640 terrae
613 3593 717 3640 motum
736 3601 789 3638 non
804 3589 1034 3650 commemorarit,
1051 3587 1170 3640 fortasse
1185 3587 1365 3640 161661161661

293 3656 430 3724 quendam
454 3654 549 3708 Coelio
575 3655 716 3708 annalium
746 3655 923 3724 scriptorem,
953 3671 1021 3724 6666
1052 3661 1124 3707 16616
1147 3655 1281 3708 Cicerone
1309 3653 1366 3706 sola

293 3723 421 3792 prodigia
441 3741 569 3778 narrasse
587 3724 717 3788 vidimus,
741 3722 845 3774 1661616
870 3721 974 3774 habuit.
1009 3721 1081 3776 Plin.
1099 3721 1122 3774 h.
1141 3741 1167 3776 6,
1186 3723 1227 3790 ll,
1248 3722 1290 3789 84,
1309 3723 1366 3774 teo.

272 3789 477 3859 «6611666666
500 3792 563 3858 illa,
588 3809 658 3862 quae
684 3791 717 3844 de
740 3798 831 3843 terrae
858 3797 934 3842 motu
959 3792 1083 3859 scripsit,
1109 3791 1195 3844 verba
1220 3789 1367 3858 sumpserit

295 3858 412 3912 discerni
430 3875 485 3912 non
503 3868 613 3930 potest3
631 3860 686 3912 alio
704 3860 778 3912 euim
797 3859 922 3912 eiusdem
941 3857 1005 3911 libri
1025 3861 1101 3924 1666,
1120 3858 1161 3919 61,
1181 3860 1236 3923 169,
1255 3857 1366 3912 Coelius

294 3927 396 3979 diserte
415 3927 546 3982 laudatur
570 3937 599 3982 61
617 3929 737 3982 16116666
764 3927 800 3980 ob
820 3927 892 3980 hunc
910 3929 1103 3983 tantummodo
1131 3928 1191 3982 6166
1215 3943 1315 3980 nomen
1338 3925 1364 3978 16

294 3993 410 4048 elencho
428 4003 501 4049 6661.
519 3998 628 4067 legitur.

344 4081 397 4158 41)
434 4080 472 4144 Id
494 4102 565 4145 cum
589 4083 671 4148 inter
700 4100 808 4146 omnes
829 4085 963 4164 constet,
996 4101 1033 4148 eo
1053 4081 1157 4162 magis
1184 4077 1281 4142 miror
1301 4095 1365 4140 am-

259 4163 325 4250 bigi
345 4183 484 4250 quanam
506 4169 603 4252 Alpes
626 4165 842 4233 transierit-
867 4173 920 4245 (sc.
943 4165 1114 4246 Hannibal)
1134 4186 1192 4246 -3
1217 4169 1249 4228 61
1270 4162 1366 4244 yulgo
