3024 4870
689 302 743 378 ‘tr

165 485 223 563 ets,
242 487 281 549 ut
296 491 386 549 'nune
407 488 516 548 nomer
537 486 594 559 est,
615 479 733 545 taloan
755 511 799 528 a·
818 477 974 563 „nrhurm‘
998 493 1070 544 esse
1090 472 1276 563 tiott'u'uud

161 577 199 635 ct
219 570 307 633 ianua
329 576 360 634 et
373 567 499 632 Goeiius
521 567 585 631 aha
608 565 661 629 via
677 565 886 630 Hannibalem
901 563 1000 646 Alpes
1021 581 1190 648 superasse
1212 573 1275 631 tra·

164 653 336 737 uidissent3
360 653 525 735 sIoXXII,
545 653 596 718 31.
618 649 781 715 lenissima
803 648 942 730 quodam
965 647 1122 715 locutione
1138 669 1214 715 ussa
1231 659 1279 716 ast

165 740 243 823 „sed
257 739 446 804 stOoeImm
467 743 632 801 etccteros
645 736 748 818 tugir‘
767 742 844 819 etc.;
863 733 908 798 sic
918 736 1006 816 XXI,
1017 735 1070 801 46.
1089 733 1209 817 XXVI,
1226 739 1276 800 11.

163 823 311 907 quamvis
333 830 478 887 auctores
499 822 607 887 Coelio
631 821 717 904 apud
738 839 774 886 se
791 819 930 904 potiores
949 819 1038 900 sequi
1058 837 1094 884 se
1114 820 1206 905 dIoat,
1229 829 1276 884 ta-

164 929 240 974 men
260 909 363 975 solum
382 906 507 990 patriae
527 921 668 971 amorem
691 905 867 988 quendum,
898 902 1068 986 quominus
1089 904 1182 970 huius
1204 921 1276 970 son-

165 995 296 1060 tentIam
326 995 496 1076 reciperet,
542 1011 613 1056 eum
641 988 841 1076 prohibuisse
870 988 962 1054 tache
990 989 1188 1074 amurcam,
1232 989 1278 1056 sic

165 1079 294 1155 XXIII,
317 1081 346 1144 6.
373 1097 453 1142 cum,
471 1077 597 1142 OoeIius
619 1075 734 1156 aliique
755 1095 823 1139 rem
845 1073 1007 1155 quandam
1029 1075 1209 1140 omisIssent
1228 1075 1278 1139 iui-

167 1181 229 1244 que
250 1165 319 1246 Ipse
340 1183 403 1227 non
427 1162 495 1226 sine
511 1179 610 1225 causa
629 1160 748 1224 factum
768 1160 966 1224 existimaret
992 1193 1035 1206 -—
1066 1167 1111 1236 (et
1137 1159 1182 1224 itu
1209 1159 1277 1242 qui·

168 1250 241 1313 dem
263 1257 306 1328 ut,
328 1263 429 1328 aeque
451 1265 489 1310 ac
509 1247 617 1326 XXII,
637 1248 697 1329 31,
720 1245 847 1309 numine
869 1243 1013 1328 appositu
1035 1244 1162 1310 (IoeIIus
1183 1263 1278 1328 pros·

165 1337 215 1398 ter
236 1340 356 1398 ceteros
377 1332 479 1396 elatus
501 1331 558 1416 sit)
580 1365 620 1379 -
641 1349 700 1414 pro
714 1349 791 1394 vera
802 1349 872 1394 eam
883 1347 1001 1412 ponere
1019 1347 1083 1406 non
1103 1334 1152 1394 est
1171 1347 1277 1396 ausus.

167 1417 245 1483 Eius
266 1416 456 1482 sententiam
477 1423 562 1480 certe
581 1415 686 1478 attuht
706 1414 728 1478 I.
748 1417 902 1492 XXVIII,
915 1416 966 1478 46.
986 1415 1109 1494 XXIX,
1132 1415 1183 1480 36.
1203 1415 1278 1481 licet

164 1501 220 1568 iilo
242 1503 312 1569 Ioco
325 1502 374 1564 'de
395 1519 430 1565 re
453 1500 530 1565 satis
550 1499 614 1564 Iovi
635 1509 740 1564 uhnm
756 1499 865 1565 Coelio
886 1519 928 1564 an
950 1499 1075 1564 Valerio
1098 1499 1278 1566 uisentibu-

171 1588 246 1652 dum
269 1591 396 1671 putaret
416 1605 480 1650 nun
499 1583 632 1668 dixerit;
666 1591 698 1648 et
719 1585 740 1648 i.
762 1589 892 1668 XXIX,
925 1585 975 1648 25.
996 1597 1027 1648 et
1049 1587 1098 1648 27.
1130 1586 1277 1667 quumuIs

166 1691 273 1737 rerum
295 1670 516 1754 augendarum
538 1668 677 1735 studium
700 1669 935 1751 quodammodo
957 1668 1277 1754 eiopprohrarit‚‘ta·

165 1773 240 1822 men
261 1758 361 1821 altaro
380 1757 459 1833 loco,
481 1773 552 1820 oum
575 1755 644 1838 ipse
666 1755 823 1820 exercitus
844 1773 1010 1818 numerum
1022 1775 1086 1820 non
1105 1773 1278 1840 proposue-

166 1842 215 1922 rit,
238 1862 309 1906 eum
331 1849 458 1906 secutus
477 1848 533 1924 est,
558 1841 658 1904 altero
681 1839 779 1905 Coelii
799 1839 1023 1923 narrationem,
1045 1839 1166 1906 sicum
1188 1840 1279 1908 Livio

167 1927 369 2009 comparans,
391 1945 433 1990 ne
453 1926 558 1990 diuam
579 1945 644 1989 non
666 1924 748 1989 adeo
771 1931 906 2006 auctam,
930 1925 994 1989 imo
1008 1925 1165 1990 veriorem
1176 1925 1278 1992 videri

165 2012 272 2077 statim
294 2029 450 2093 agnosces
474 2009 526 2098 (ci.
548 2028 602 2092 pg.
618 2011 688 2088 23).
712 2047 752 2059 --
776 2009 922 2091 Denique
943 2027 1015 2074 cum
1038 2010 1081 2073 ad
1102 2010 1277 2093 priscorum

167 2095 409 2160 admirationem
429 2093 536 2159 denuo
560 2096 777 2159 Romanorum
800 2092 897 2160 animi
918 2094 1127 2178 deflecterent,
1149 2096 1191 2160 ab
1212 2097 1277 2160 Ha-

167 2181 280 2245 titiano
296 2179 487 2262 imperatore
505 2179 632 2244 Coelius
654 2179 821 2262 permagni
842 2177 1027 2244 aestimatus
1053 2187 1084 2243 et
1101 2181 1152 2244 vel
1176 2179 1279 2246 Sullu-

167 2266 226 2332 stio
249 2265 445 2349 antepositus
465 2270 515 2329 est
536 2265 587 2343 (cf.
612 2265 769 2347 Spartian.
791 2264 890 2331 Hadr.
914 2267 982 2345 16),
1018 2283 1081 2346 quo
1103 2265 1230 2348 quidem
1252 2268 1279 2332 si

165 2370 230 2416 non
251 2351 371 2416 honum
393 2348 549 2413 Hadriani
569 2349 727 2434 iudicium,
750 2357 857 2415 tamen
880 2349 940 2414 huc
962 2356 1047 2415 certe
1065 2351 1278 2433 confirmetur,

166 2433 227 2501 turs
257 2453 383 2518 quoque
412 2435 606 2517 temporibus
640 2455 711 2500 eum
733 2435 815 2499 inter
835 2441 960 2500 ueteres
982 2455 1086 2500 rerum
1115 2445 1276 2518 gestam

168 2520 335 2604 scriptores
356 2539 516 2584 summum
538 2526 634 2600 atque
652 2519 922 2602 elegantissimum
943 2537 1014 2584 esse
1037 2521 1185 2590 habitum.

253 2604 419 2688 Scriptoris
440 2605 537 2687 igitur
557 2605 637 2669 tanti
660 2625 680 2668 a
701 2605 836 2689 posteris
858 2604 1014 2668 aestimati
1034 2604 1168 2688 vestigia
1183 2605 1278 2670 etiam

167 2689 255 2772 apud
275 2708 332 2755 eus
353 2689 407 2769 qui
427 2698 539 2772 postea
557 2690 650 2754 huius
672 2690 746 2755 belli
767 2689 929 2756 historiam
951 2689 1134 2772 scripserint
1152 2699 1280 2760 exst-rm

167 2789 225 2858 per
248 2793 283 2839 se
308 2784 524 2860 exspectatum
552 2776 663 2854 itaque
682 2783 844 2858 postremo
864 2775 994 2839 tandem
1014 2777 1084 2840 Ioco
1104 2777 1201 2841 eham
1222 2791 1278 2841 er·

168 2859 349 2942 ponendum
371 2859 450 2923 mihi
471 2866 534 2942 est,
574 2875 656 2940 quae
679 2861 761 2922 inter
782 2858 924 2923 Coelium
956 2867 987 2924 et
1018 2861 1076 2926 hos
1105 2877 1185 2944 quos
1211 2861 1278 2926 dixi

168 2944 247 3020 ratio
268 2943 453 3014 intercedat.
496 2943 545 3010 Dc
563 2961 627 3024 qua
663 2963 735 3010 curn
758 2949 831 3026 post
849 2941 1091 3014 Lachmannum
1111 2945 1278 3028 aliquoties

165 3029 281 3096 nostris
310 3029 503 3112 temporibus
533 3029 592 3093 viri
620 2993 705 3094 riuus
735 3027 767 3093 in
796 3029 964 3094 mactanda
992 3029 1196 3097 celeberrima
1223 3027 1278 3098 iila

164 3115 349 3194 quaestione
369 3133 465 3198 „num
487 3120 518 3178 et
536 3133 598 3196 quo
620 3115 716 3178 modo
727 3113 836 3179 Livius
857 3115 991 3198 Polybio
1012 3115 1100 3180 fonte
1121 3133 1196 3180 usus
1217 3117 1278 3182 sit“

165 3199 264 3264 obiter
285 3199 465 3282 attigissent
484 3199 535 3262 vei
558 3198 661 3284 potius
688 3198 936 3284 significassent,
949 3202 973 3277 ¹)
1003 3219 1104 3284 nuper
1126 3200 1160 3266 O.
1182 3202 1277 3267 Peter

161 3284 193 3350 in
215 3292 453 3367 programmate
475 3304 572 3368 saepe
594 3285 698 3350 adhuc
720 3285 815 3350 uitato
835 3286 964 3368 copiose
986 3286 1135 3371 exposuit
1155 3291 1187 3355 et
1197 3307 1274 3365 rem,

166 3369 225 3434 nisi
242 3389 439 3453 magnopore
458 3371 560 3453 fallor,
584 3370 692 3450 quoad
711 3369 781 3434 fieri
794 3371 905 3454 potuit,
928 3391 1059 3454 prorsus
1075 3372 1238 3454 transegit
1249 3371 1275 3455 ²)

180 3495 374 3502 .--..-—-...—.-..

236 3540 245 3572 ¹
277 3539 312 3592 K.
331 3538 376 3593 W.
394 3538 521 3605 Nitzsch,
545 3537 595 3602 Qu.
613 3537 720 3592 Fabius
736 3537 831 3591 Pictor
850 3539 920 3594 iiber
943 3540 989 3594 dir
1011 3545 1102 3594 ersten
1120 3539 1207 3596 Jahre
1226 3540 1277 3595 ties

165 3605 250 3660 hanni
271 3607 392 3660 alischen
407 3607 517 3678 Kriegs,
535 3607 631 3661 Kieler
648 3606 829 3660 Monatssohr.
849 3609 923 3661 tuot,
944 3622 969 3678 p.
989 3607 1022 3660 67
1042 3606 1085 3676 ff.;
1103 3607 1155 3662 Th.
1174 3609 1275 3676 Lucas,

164 3673 316 3742 disputatio
334 3675 368 3728 de
384 3676 493 3729 ratIone
510 3693 566 3745 qna
584 3674 680 3729 Livius
697 3693 763 3728 usus
786 3682 828 3728 est
851 3691 933 3745 opere
959 3675 1130 3745 Polybiuno,
1179 3683 1230 3731 art.
1253 3677 1274 3730 I.

163 3739 274 3862 Glofiub
297 3743 366 3794 18:34.
385 3742 513 3809 MichaeI,
533 3743 678 3796 inwieweit
700 3745 752 3797 hat
767 3743 863 3798 Liuius
881 3745 936 3797 tien
956 3743 1091 3814 Potybius
1109 3745 1150 3798 als
1197 3751 1275 3816 supt-

164 3825 218 3880 que
241 3825 256 3864 e
276 3809 408 3863 benutzt?
429 3810 542 3880 Torgou
561 3813 635 3864 1859.
671 3812 839 3878 Tillrnunns,
870 3823 924 3882 quo
945 3812 1017 3866 libro
1035 3812 1133 3866 Livius
1155 3813 1275 3884 Polybio

163 3877 294 3931 historico
311 3877 353 3930 nti
371 3879 500 3946 eoeperit.
534 3879 613 3934 Neue
632 3879 730 3932 Jahrb.
748 3879 768 3933 f.
793 3880 863 3933 Phil.
880 3897 906 3934 u.
925 3881 1089 3935 Pacuium.
1107 3883 1148 3935 83.

243 3949 264 4016 ¹)
284 3946 338 4010 Qui
356 3945 466 4026 quidem
484 3961 539 4016 qua
561 3946 589 3998 in
611 3947 739 4001 omnibus
763 3947 822 4002 fere
844 3954 886 4002 est
907 3949 954 4002 dili
977 3949 1052 4002 entia
1075 3967 1107 4002 ac
1182 3950 1278 4004 dentis

164 4030 224 4067 curn
240 4015 351 4086 proprie
371 4031 401 4066 1n
419 4013 528 4068 duobus
544 4020 653 4068 tuntum
671 4015 726 4068 illis
744 4015 817 4069 Livii
834 4016 921 4086 IIbris,
1000 4020 1018 4070 I.
1036 4022 1064 4072 et
1157 4021 1192 4084 I.,
1211 4033 1274 4085 ope·

145 4097 221 4138 .rsm
239 4084 375 4137 collocare
391 4081 445 4135 sibi
461 4082 658 4152 proposuisset,
676 4099 693 4136 a
711 4083 813 4154 qruibus
830 4089 923 4138 tamen
941 4086 1066 4154 maxime,
1083 4103 1144 4140 curn
1162 4083 1276 4154 Polybi·

163 4149 210 4206 uni
226 4151 318 4220 operis
334 4157 441 4222 partem
460 4151 660 4220 tantummodo,
678 4167 735 4221 qua
746 4153 859 4206 eusdem
876 4169 920 4208 res
933 4155 1118 4223 continentur,
1138 4154 1277 4222 integrum
