3024 4870
685 313 726 378 27

233 483 287 559 41)
331 479 433 548 (lalva
453 475 749 566 speirror'vocatur,
772 481 845 546 licet
867 479 993 546 Coelius
1016 486 1048 542 et
1071 480 1173 544 Varro
1194 481 1256 544 cal-

149 567 271 632 variam
284 566 406 648 dicant,
429 585 503 628 nam
522 565 681 630 calvarias
700 567 822 650 plurale
845 574 893 630 est
905 566 1023 643 calvae,
1046 583 1128 640 ossa,
1149 571 1181 628 et
1195 565 1258 628 sin·

150 653 304 736 gulariter
326 651 474 716 calvaria.
517 652 585 714 Vel.
606 652 706 733 Long.
730 651 770 715 de
790 651 927 732 orthogr.
948 669 1001 732 pg.
1023 650 1108 712 2243
1129 649 1258 714 Putscb.

103 775 105 779 -
218 737 374 789 Discrimen
393 735 502 787 videtur
519 737 695 788 statuendum
710 753 770 788 esse
785 737 847 802 boc,
867 743 898 788 ut
911 733 1091 800 singulariter
1103 734 1261 802 usurparint

183 812 212 856 et
229 805 359 868 calvaria,
376 811 408 855 ut
420 803 468 854 Cn.
489 801 595 856 Gellius
617 821 660 874 ap.
681 804 786 856 Charis.
797 804 821 869 l,
839 821 885 872 pg.
900 804 933 854 40
945 803 975 854 P.
1003 800 1090 854 Prisc.
1104 801 1168 866 VII,
1179 802 1263 868 8:37,

184 871 256 926 Plin.
275 871 301 924 h.
320 891 346 923 n.
365 869 502 938 XXVIII,
522 872 545 922 8.
565 871 639 925 Cels.
653 871 737 937 VIII,
759 875 781 924 l.
800 878 829 924 et
848 869 943 936 calva,
960 874 992 922 ut
1008 867 1128 922 Martial.
1150 887 1193 938 cp.
1211 869 1262 936 ΙΙΙ,

184 941 231 1006 74,
256 943 278 994 1.
298 939 367 1007 XII,
389 940 439 1004 45,
463 939 495 1006 ‘23
522 941 622 1006 plurali
647 957 761 993 numero
786 937 977 992 tantummodo
1001 937 1107 990 calvae.
1134 967 1161 976 -·
1193 937 1261 991 dure

184 1015 275 1061 autem
301 1007 436 1060 Krausius
466 1013 496 1058 ct
519 1008 643 1059 Coelium
668 1015 697 1060 ct
719 1006 841 1070 Gellium
868 1007 921 1058 hoe
945 1005 1082 1058 vocabulo
1110 1021 1175 1058 usos
1201 1021 1262 1060 esse

183 1077 361 1140 existimavit,
380 1091 440 1127 cunr
459 1082 605 1132 narrarunt
623 1077 729 1128 cladem
748 1075 781 1128 L.
794 1073 931 1128 Postumii
942 1089 998 1125 cos.
1011 1071 1067 1125 des.
1079 1105 1109 1116 -
1121 1090 1145 1125 a.
1157 1073 1207 1126 538
1225 1106 1263 1140 -,

183 1145 261 1196 cuius
280 1142 423 1197 interfecti
443 1143 549 1194 calvam
569 1150 717 1223 purgatam
739 1159 863 1212 auroque
886 1141 1023 1194 caelatam
1048 1141 1097 1194 Boi
1126 1148 1174 1193 tan
1197 1157 1259 1193 uam

182 1229 289 1265 sacrum
318 1228 368 1264 ras
391 1211 420 1262 in
448 1211 622 1265 sanctissimo
641 1211 745 1280 templo
764 1212 981 1264 collocaverunt.
1014 1209 1048 1260 cf.
1067 1207 1129 1261 Liv.
1150 1209 1179 1262 X
1210 1209 1260 1274 III,

181 1279 215 1332 24
232 1279 303 1340 (ΡοΙ.
319 1279 370 1346 ΙΙΙ,
383 1278 439 1331 118.
460 1280 525 1331 Zon.
535 1279 586 1342 IX,
599 1279 624 1331 3.
642 1287 670 1331 et
689 1295 774 1348 supra
792 1279 891 1343 frapm.
910 1276 963 1342 17.)

233 1349 286 1427 42)
316 1346 526 1414 Hannibalem
542 1347 666 1413 Coelius
689 1345 803 1429 scribit,
827 1366 898 1411 cum
921 1344 1101 1410 columnam
1120 1365 1258 1428 auream,

149 1451 232 1515 quae
253 1439 336 1497 esset
356 1433 388 1496 in
410 1432 485 1494 fano
505 1431 639 1496 Junonis
662 1431 828 1510 Laciniae,
865 1431 989 1494 auferre
1014 1431 1110 1494 vellet
1138 1430 1259 1495 dubita·

149 1526 267 1600 ratque,
287 1523 455 1599 utrum‚‘ea
471 1517 573 1580 solida
590 1525 673 1581 esset
683 1537 723 1580 an
739 1517 933 1581 extrinsecus
946 1516 1103 1590 inaurata,
1122 1523 1258 1598 pertere-

147 1604 305 1668 bravisse:
339 1619 474 1681 cumque
511 1601 643 1665 solidam
681 1602 854 1665 invenisset
887 1599 1111 1680 statuissetque
1140 1601 1260 1680 tollere,

146 1688 175 1752 ei
199 1687 370 1754 secundum
395 1686 530 1766 quietem
554 1687 656 1751 visam
680 1705 750 1750 csse
772 1688 931 1751 lunonem
961 1683 1145 1765 praedicere
1167 1705 1207 1750 nc
1226 1684 1258 1749 id

146 1773 274 1854 faceret,
294 1773 479 1853 minarique,
500 1773 527 1835 si
549 1772 582 1836 id
604 1772 736 1855 lecisset,
760 1792 795 1836 se
816 1776 1012 1845 curaturam,
1035 1778 1069 1833 ut
1088 1790 1159 1834 eum
1183 1789 1258 1850 quo-

145 1876 207 1937 que
229 1859 370 1939 oculum,
403 1877 465 1938 quo
489 1857 570 1922 bene
590 1859 721 1937 videret,
745 1855 918 1938 amitteret,
953 1854 1049 1934 idque
1067 1855 1108 1920 ab
1131 1856 1257 1920 homine

145 1947 238 2005 acuto
258 1961 323 2005 non
345 1958 415 2004 esse
436 1940 622 2019 neglectum.
665 1943 778 2020 Itaque
800 1961 839 2004 ex
863 1960 899 2003 eo
922 1959 1008 2016 auro,
1030 1940 1115 2021 quod
1138 1949 1257 2004 extere-

144 2026 269 2089 bratum
293 2029 391 2096 esset,
415 2023 560 2088 buculam
583 2044 712 2090 curasse
733 2024 911 2089 faciendam
933 2029 964 2087 et
985 2043 1055 2088 eam
1077 2025 1110 2088 in
1132 2044 1257 2090 summa

145 2109 292 2173 columna
310 2107 524 2173 collocavisse.
568 2108 630 2173 Cic.
648 2109 689 2174 de
711 2109 772 2172 div.
795 2109 821 2190 l,
843 2111 893 2182 24,
913 2109 964 2172 48.

59 2206 63 2210 ·
215 2195 299 2260 Apud
323 2194 428 2246 nullum
455 2201 600 2260 praeterea
624 2197 787 2262 scriptorem
817 2209 851 2246 ea
877 2191 1003 2246 narratio
1021 2192 1177 2260 invenitur,
1206 2193 1255 2246 sed

180 2262 251 2316 bene
272 2262 365 2312 Nanta
390 2278 436 2328 pg.
457 2263 498 2314 su.
524 2277 556 2312 ex
575 2277 623 2328 eo,
644 2267 718 2330 quod
743 2262 802 2315 Liv.
828 2259 943 2325 XXIV,
970 2261 993 2314 3.
1017 2261 1121 2314 diserte
1142 2279 1256 2316 auream

178 2327 254 2381 illam
273 2329 428 2381 columnam
451 2333 677 2383 commemoravit
696 2331 869 2400 solidamque
885 2329 972 2382 fuisse
992 2329 1115 2397 addidit,
1135 2329 1257 2384 adhunc

178 2394 265 2450 Coelii
283 2399 467 2450 narrationem
489 2413 551 2448 eum
565 2398 719 2464 respexisse
734 2398 879 2450 conclusit.
897 2425 925 2434 —
947 2396 980 2448 ln
994 2400 1153 2451 universum
1163 2405 1256 2450 autern

177 2463 230 2518 hoc
250 2471 278 2518 et
301 2481 373 2533 quae
393 2463 651 2534 sequuntu1·Coelii
677 2465 836 2533 fragmenta
860 2481 878 2516 a
896 2463 1029 2518 Cicerone
1053 2473 1164 2518 servata
1183 2467 1257 2518 haud

177 2533 257 2602 parvi
275 2533 407 2585 momenti
424 2539 502 2596 sunt,
531 2532 604 2600 quod
629 2531 701 2586 hunc
724 2534 835 2602 quidem
859 2533 957 2600 paucis
980 2540 1089 2586 tantum
1107 2533 1258 2586 immutatis

176 2616 268 2670 paene
297 2601 421 2669 genuina
446 2599 521 2651 illius
550 2601 633 2652 verba
664 2601 887 2670 transscripsisse
911 2599 1033 2669 undiquc
1057 2607 1196 2670 apparet,
1225 2601 1254 2654 id

176 2668 251 2740 quod
271 2667 298 2720 in
317 2684 360 2734 ea,
378 2684 452 2738 quae
470 2670 544 2736 apud
567 2668 676 2721 Livium
702 2669 846 2737 leguntur,
869 2685 924 2720 non
944 2671 1027 2722 cadit.
1063 2668 1147 2736 Apud
1166 2685 1256 2738 gram-

176 2738 294 2789 maticos
310 2737 396 2804 igitur
415 2751 476 2789 cum
495 2752 585 2803 paene
607 2753 715 2805 semper
736 2753 825 2805 pauca
845 2741 953 2788 tautum
966 2736 1053 2790 Caelii
1072 2737 1157 2790 rerba
1174 2738 1254 2791 nobis

176 2809 290 2856 servata
313 2805 382 2870 sint,
408 2805 483 2874 apud
508 2801 670 2858 Ciceronem
692 2805 790 2872 etiarn,
815 2805 862 2875 qni
890 2804 1029 2872 longiores
1052 2805 1100 2858 ille
1122 2805 1253 2875 periodos

176 2871 371 2937 composuerit,
388 2871 483 2940 aliquo
502 2873 582 2924 modo
597 2872 753 2940 perspicere
768 2887 923 2940 possumus.

227 2941 284 3018 43)
307 2941 376 3004 Hoc
398 2939 472 3003 item
494 2939 527 3001 in
551 2939 657 3022 Sileni,
681 2959 775 3020 quem
801 2937 928 3006 Coelius
951 2937 1099 3018 sequitur,
1131 2940 1256 3004 Graeca

142 3024 273 3090 historia
295 3032 344 3088 cst
365 3063 408 3072 -
441 3023 467 3086 is
494 3032 599 3087 autem
632 3025 872 3106 diligentissime
894 3041 946 3087 res
974 3024 1158 3088 Hannibalis
1183 3045 1251 3107 per·

142 3118 267 3175 secutus
291 3114 339 3173 est
355 3145 414 3188 —,
437 3108 663 3192 Hannibalem,
686 3130 756 3174 cum
780 3111 915 3192 cepisset
939 3107 1127 3189 Saguntum,
1150 3110 1253 3174 visum

142 3215 212 3260 esse
232 3195 265 3258 in
285 3192 403 3257 somnis
418 3193 531 3257 aJove
553 3193 736 3258 iudeorum
759 3194 925 3260 concilium
948 3192 1072 3276 uocari3
1096 3213 1157 3275 quo
1181 3214 1253 3259 cum

142 3280 291 3357 venisset,
313 3278 428 3342 levem
437 3277 611 3360 imperasse
629 3289 662 3343 ut
670 3279 782 3344 Italiae
792 3280 906 3344 bellum
922 3277 1060 3360 inferret,
1077 3279 1253 3361 ducemque

141 3363 170 3427 ei
191 3383 288 3429 unum
311 3361 477 3427 aconcilio
501 3363 623 3446 datum3
654 3383 716 3444 quo
744 3365 831 3429 illum
856 3369 995 3427 utentem
1019 3383 1090 3426 cum
1113 3366 1252 3429 exercitu

142 3449 292 3532 progredi
322 3448 473 3530 coepisse.
508 3450 589 3512 Tum
613 3448 641 3511 ei
664 3450 774 3513 ducem
797 3451 884 3514 illum
906 3448 1107 3530 praecepisse
1135 3469 1176 3513 ne
1205 3469 1253 3513 re-

142 3533 290 3616 spiceret;
316 3533 403 3596 illum
427 3539 532 3597 autem
557 3533 672 3599 diutius
701 3535 805 3598 lacere
827 3554 889 3597 non
913 3533 1052 3616 potuisse
1074 3534 1254 3614 elatumque

142 3616 313 3698 cupiditate
334 3618 519 3699 respexisse.
567 3621 648 3684 Tum
671 3619 772 3684 visam
795 3620 919 3684 beluam
942 3626 1065 3682 vastam
1089 3624 1120 3681 et
1141 3621 1252 3682 imma-

143 3719 224 3780 nem,
247 3700 511 3781 circumplicatam
534 3704 738 3786 serpentibus,
762 3721 951 3786 quacunque
972 3701 1132 3767 incederet
1147 3705 1254 3768 omnia

142 3785 280 3866 arbusta,
304 3784 454 3865 virgulta,
478 3793 561 3851 tecta
581 3797 776 3874 pervertere3
801 3797 831 3854 et
853 3807 925 3852 eum
946 3786 1135 3852 admiratum
1156 3809 1251 3870 quae·

142 3869 221 3936 sisse
242 3869 282 3934 de
304 3869 364 3932 deo
388 3871 546 3950 quodnam
577 3873 655 3936 illud
681 3886 765 3940 esset
792 3876 858 3938 tale
879 3878 1071 3955 monstrum,
1103 3882 1134 3939 et
1156 3875 1250 3940 dcum

142 3953 359 4040 respondisse:
396 3954 576 4019 uastitatem
600 3977 670 4022 esse
691 3960 821 4041 Italiae,
842 3959 1105 4042 praecepisseque
1126 3967 1160 4025 ut
1179 3981 1249 4046 pcr-

143 4051 231 4124 gerct
252 4039 411 4124 protinus,
435 4040 520 4120 quod
541 4051 623 4107 retro
646 4053 742 4124 atque
766 4065 786 4109 a
807 4052 898 4127 tergo
920 4041 1009 4108 fieret
1031 4045 1249 4112 nelsboraret.

144 4125 266 4212 Clade
288 4125 348 4191 dir.
370 4126 393 4210 l,
418 4126 469 4208 24,
492 4127 543 4190 49.
