3024 4870
746 337 801 421 rt?

214 526 428 594 cab'salutem
450 523 557 591 valere
578 529 726 608 putarent
749 529 780 590 et
801 525 948 590 accurate
974 541 1081 591 eorum
1103 521 1135 592 in
1157 521 1335 592 scribenda

214 613 322 698 populi
336 612 479 679 Romani
501 610 631 676 historia
653 611 807 676 rationem
829 609 888 676 sibi
907 607 1102 676 reddendam
1126 631 1195 677 esse
1216 613 1323 679 crede-

217 705 302 783 rent3
337 699 382 764 ita
403 703 436 764 ut
457 695 604 762 facillime
624 713 702 761 sane
723 697 791 762 fieri
812 701 932 779 posset,
957 703 991 760 ut
1011 695 1175 763 occasione
1191 699 1249 763 sibi
1272 700 1324 763 ob·

214 784 295 868 lata,
327 785 379 850 ubi
401 783 573 864 somnium,
597 781 682 864 quod
705 783 787 847 bello
810 781 929 848 Punico
951 782 1088 847 secundo
1108 783 1201 847 alicui
1222 785 1323 848 visum

215 875 314 948 esset,
352 869 450 946 (velut
472 865 643 932 Hannibali
660 866 693 930 in
716 867 839 932 ltaliam
862 866 1079 950 proficiscenti.
1101 870 1139 932 cf.
1164 868 1226 937 (lic.
1248 869 1266 932 l.
1291 868 1324 944 l.)

216 955 344 1020 tandem
366 954 507 1020 evasisse
526 956 679 1032 narraret,
703 951 758 1016 illa
782 971 863 1037 quae
885 952 1094 1035 supraposui
1116 960 1265 1038 tanquam
1279 955 1324 1016 lu-

169 1055 170 1058 ’
216 1039 517 1106 culentissima'eius
540 1036 585 1102 rei
605 1037 752 1119 exempla
772 1037 904 1103 adderet
925 1044 980 1102 aut
1001 1037 1136 1116 omnino,
1161 1049 1195 1102 ut
1212 1049 1323 1122 postea

223 1123 255 1190 in
270 1125 459 1191 contrariam
476 1129 599 1207 partem
615 1120 759 1204 Sisenna,
782 1125 822 1188 de
843 1121 905 1187 tide
920 1123 1048 1188 somniis
1062 1122 1209 1188 habenda
1222 1125 1326 1207 dispu-

214 1215 303 1276 taret.
345 1210 421 1276 Eius
441 1217 546 1274 autem
568 1205 626 1287 rei,
661 1227 759 1291 quam
789 1207 880 1274 tertio
911 1207 980 1272 loco
1011 1229 1107 1292 supra
1136 1209 1326 1294 enumeravi,

216 1293 521 1362 commemorandae
553 1291 630 1356 satis
658 1293 775 1359 idonea
802 1294 924 1359 occasio
946 1292 1003 1357 luit
1030 1300 1085 1356 aut
1114 1295 1145 1358 in
1168 1295 1326 1358 narrando

216 1381 300 1446 bello
321 1381 510 1465 Hispanico,
541 1377 594 1442 ubi
617 1395 695 1442 sane
717 1379 757 1443 de
779 1380 873 1445 totius
896 1377 1034 1460 regionis
1056 1379 1239 1464 urbiumque
1266 1381 1327 1444 situ

218 1485 256 1532 ac
278 1466 469 1548 condicione,
493 1464 599 1547 itaque
611 1459 651 1525 de
673 1465 858 1530 commercio
875 1483 1007 1549 quoque,
1031 1466 1219 1546 exponenda
1233 1483 1327 1548 quac-

218 1551 292 1616 dam
312 1561 408 1627 erant,
432 1556 501 1628 aut,
522 1547 556 1612 id
579 1547 663 1629 quod
686 1551 780 1614 etiam
803 1549 906 1633 magis
928 1549 1004 1613 mihi
1025 1550 1144 1632 placet,
1168 1549 1200 1612 in
1220 1550 1329 1614 Africa

218 1635 433 1720 describenda,
457 1634 511 1700 ubi
531 1631 681 1698 facillime
703 1636 918 1720 quaestionem
940 1634 1028 1698 illam
1050 1654 1107 1717 per
1127 1642 1226 1699 totam
1249 1634 1327 1700 anti-

219 1722 370 1806 quitatem
394 1721 481 1786 varie
500 1723 665 1792 tentatam,
689 1729 791 1786 utrum
803 1721 911 1785 Africa
932 1721 972 1784 ab
993 1720 1078 1783 omni
1097 1727 1187 1802 parte
1210 1736 1328 1786 oceano

219 1808 398 1890 cingeretur
409 1806 604 1886 navibusque
613 1802 802 1870 circumvehi
821 1812 929 1888 posset
938 1823 1043 1886 necne,
1053 1804 1209 1886 attingere
1218 1805 1328 1887 potuit.

278 1893 471 1974 Temporum
483 1888 563 1952 bello
573 1886 725 1954 Punicol.
735 1891 931 1973 superiorum
941 1889 1246 1976 histor·iam00elium
1256 1891 1329 1954 scri-

220 1975 322 2060 psisse
330 1973 529 2041 neKrauslus
539 1971 666 2056 quidem
675 1977 848 2060 contendit3
867 1983 898 2040 et
909 1973 1036 2038 iureille
1046 1973 1181 2054 quidem,
1194 1996 1263 2040 cum
1273 1996 1331 2040 nec

222 2055 1331 2145 Plutarchusnec‚idquodutiquefieridebebat,DionysiusHalicarnas-

224 2147 325 2213 sensis
347 2147 410 2211 ullo
427 2148 496 2211 loco
509 2149 659 2225 tanquam
675 2146 867 2232 antiquitatis
880 2148 1046 2210 Romanae
1061 2145 1243 2228 scriptorem
1259 2166 1331 2210 eum

220 2231 452 2297 nominaverint
465 2235 497 2294 et
508 2229 757 2308 fragmentorum
773 2232 814 2295 ad
823 2253 891 2296 eam
902 2227 1109 2314 spectantium
1119 2232 1331 2296 numerusmi-

220 2336 279 2382 nor
294 2317 341 2399 sit,
358 2335 453 2402 quam
471 2333 511 2378 ex
529 2329 590 2396 quo
604 2313 667 2378 tale
681 2315 850 2401 quidquam
869 2337 939 2380 cum
953 2315 1059 2398 aliqua
1074 2313 1214 2380 veritatis
1228 2317 1333 2399 specie

222 2401 329 2485 colligi
357 2401 465 2485 possit.
510 2399 577 2462 lam
600 2417 675 2466 vero
698 2402 738 2466 ab
761 2403 862 2466 altera
887 2408 977 2485 parte
998 2401 1051 2465 ille
1073 2399 1201 2464 modum
1224 2421 1331 2465 exces-

221 2487 276 2572 sit,
303 2507 372 2552 cunr
397 2508 436 2552 ne
455 2485 558 2549 dicam
582 2483 757 2568 dubitaret,
786 2488 843 2552 sed
863 2495 970 2552 tamen
991 2485 1022 2548 in
1047 2485 1149 2550 medio
1178 2487 1331 2570 relinque-

222 2579 284 2658 ret,
320 2592 396 2636 num
420 2569 546 2638 omnino
580 2589 618 2632 ea
640 2570 820 2654 fragmenta
841 2573 949 2638 Coelio
979 2568 1189 2636 adscribenda
1218 2581 1331 2637 essent.

222 2657 375 2735 Quamvis
397 2657 481 2725 euim
502 2671 609 2718 eorum
633 2657 707 2734 tria,
739 2677 820 2742 quae
847 2659 995 2741 leguntur
1024 2655 1109 2738 apud
1132 2655 1273 2720 Solinum
1302 2666 1334 2722 et

225 2743 413 2810 Strabonem
438 2747 533 2824 atque
556 2747 650 2804 antea
672 2763 692 2807 a
718 2743 906 2826 quibusdam
927 2741 1025 2809 Ocelii
1048 2761 1116 2805 esse
1139 2741 1330 2826 dicebantur,

225 2843 296 2893 cnm
320 2828 414 2894 etiam
429 2826 512 2891 aliae
524 2843 640 2890 causae
655 2829 815 2913 accedant,
836 2828 1003 2892 manifesto
1019 2828 1058 2890 ab
1073 2844 1110 2889 eo
1123 2827 1333 2892 abiudicanda

225 2932 296 2979 esse
319 2933 379 2996 ego
391 2927 516 2997 quoque
528 2929 685 2991 censeam,
707 2914 826 2997 reliqua
847 2921 963 2994 tamen,
987 2932 1068 2997 quae
1091 2925 1163 2974 sunt
1179 2932 1227 2996 ap.
1245 2912 1333 2977 Serv.

225 2997 268 3062 ad
287 2999 403 3082 Georg.
425 2999 473 3078 ll,
497 2995 567 3060 197.
598 2996 640 3062 ad
660 3000 739 3065 Aen.
761 2999 800 3064 X.
823 3001 895 3064 405.
925 3018 982 3080 pro
1006 2995 1149 3079 genuinis
1171 3005 1256 3061 certo
1279 2997 1333 3062 ba-

225 3082 330 3148 benda
351 3091 424 3150 sunt
445 3089 477 3147 et
497 3099 597 3164 aeque
619 3091 713 3169 atque
739 3103 786 3162 ea,
810 3083 982 3169 dequibus
1003 3101 1099 3164 supra
1121 3080 1266 3162 diximus,
1288 3082 1333 3146 fa-

225 3167 284 3234 cile
306 3169 350 3234 sic
369 3168 583 3252 explicantur,
617 3178 652 3234 ut
679 3171 786 3234 omnia
816 3173 895 3236 bene
917 3168 1097 3252 procedant.
1139 3165 1217 3244 Quis
1241 3167 1332 3248 enim,

226 3253 279 3318 ubi
305 3255 440 3338 primum
462 3253 588 3320 Coelius
609 3255 739 3338 Capuae
767 3257 957 3321 mentionem
986 3254 1118 3333 faceret,
1154 3271 1224 3316 eum
1255 3273 1331 3317 non-

227 3338 314 3405 nulla
336 3339 376 3404 de
397 3339 463 3403 eius
483 3337 566 3402 urbis
590 3340 711 3422 origine
732 3361 891 3425 exponere
912 3339 1052 3423 potuisse
1074 3357 1136 3401 non
1155 3337 1249 3401 modo
1272 3357 1336 3401 non

228 3425 400 3508 negaverit,
420 3422 478 3489 sed
501 3422 604 3512 etiam,
629 3427 655 3490 si
673 3425 707 3489 id
729 3446 801 3491 eum
823 3426 1002 3510 neglexisse
1017 3423 1175 3500 sciremus,
1198 3442 1262 3486 non
1276 3423 1333 3486 mi-

226 3515 314 3575 ratus
332 3511 386 3594 sit3
409 3511 546 3592 itemque
567 3512 599 3576 in
622 3512 720 3576 altero
740 3513 819 3593 loco,
840 3513 873 3578 in
894 3532 956 3598 quo
975 3516 1081 3574 tamen
1102 3504 1335 3588 ipsellrausius

229 3595 324 3679 plane
351 3615 414 3662 non
444 3593 594 3663 offendit?
636 3594 728 3674 Quod
756 3605 861 3662 autem
889 3598 920 3662 ln
944 3616 981 3660 eo
1008 3610 1131 3678 quoque
1159 3589 1337 3674 fragmento

229 3681 313 3764 quod
336 3690 384 3747 est
410 3699 461 3764 ap.
484 3678 571 3748 Serv.
595 3682 637 3748 ad
659 3683 734 3748 Aen.
757 3683 822 3759 III,
851 3683 923 3748 402.
955 3678 1096 3746 Coelium
1127 3675 1179 3759 „in
1206 3677 1337 3764 antiqua

226 3772 370 3914 telmpora
392 3764 604 3889 exqutiatum
625 3769 716 3834 esse“
736 3769 912 3855 suspicatus
934 3771 997 3850 est,
1030 3763 1063 3829 id
1084 3761 1197 3827 iniuria
1218 3761 1355 3856 lactum¹

228 3857 307 3918 utro
329 3857 472 3936 apparet.
494 3856 506 3930 t

300 4073 319 4137 ¹)
336 4073 380 4129 Ibi
401 4075 473 4136 enim
491 4067 600 4123 Coelius
623 4067 783 4140 simpliciter
802 4067 872 4122 dixit
895 4065 1028 4120 Peteliam
1053 4065 1150 4119 urbem
1176 4066 1234 4120 alto
1260 4083 1338 4120 muro

229 4139 314 4195 fuisse
331 4141 500 4214 impositam,
521 4139 596 4208 quod
614 4137 750 4208 quomodo
769 4137 805 4218 ad
822 4136 1015 4215 antiquitatem
1030 4139 1152 4204 spectaro
1171 4134 1224 4187 dici
1243 4141 1338 4204 potue·

229 4208 267 4271 rit
283 4226 334 4274 nec
351 4229 402 4284 ego
419 4219 499 4275 rideo
516 4223 567 4273 nec
584 4211 737 4283 quisquam,
754 4221 859 4278 opinor,
876 4203 987 4260 vrdebit.
