3024 4870
778 313 825 380 34

247 478 445 562 equestribus
467 481 595 566 proeliis
615 481 796 548 interlectos
814 499 878 548 non
894 499 1006 548 omnes
1026 489 1170 548 auotbres
1189 487 1265 548 sant
1303 497 1366 548 te·

246 565 308 647 riti,
331 565 433 652 credo,
456 585 497 632 ne
517 566 640 632 falleret
662 566 709 633 bis
730 568 832 632 relata
852 568 964 632 eadem
984 587 1041 633 res.
1077 566 1204 634 Ooclius
1249 532 1363 634 aldem

246 659 278 718 et
291 651 434 718 Valerius
457 653 553 719 etiam
572 659 702 736 captum
714 653 904 720 Hannonem
922 653 1058 721 uadunt.
1093 652 1161 718 Lis.
1305 655 1363 720 35.

314 737 441 790 Alterum
459 739 596 808 proelium
618 755 637 792 a
655 738 735 792 Livio
760 745 888 792 narratur
907 755 931 792 c.
950 739 992 792 29.
1036 735 1150 792 coelius
1169 737 1255 805 igitur
1273 755 1365 794 uuum

279 809 388 858 tantum
407 807 541 873 proelium
566 814 595 860 ot
617 823 701 860 unum
720 806 884 860 Hannonem
908 823 1026 876 eumque
1051 815 1166 875 captum
1190 813 1365 868 memorarat

280 901 312 951 -Ι
331 877 489 942 (perperam
507 875 580 952 enim
597 869 692 930 Groon
711 892 735 926 v.
753 875 799 953 Er.
816 892 863 944 pg.
885 874 930 928 66:
953 891 1025 954 quac
1049 873 1090 928 ita
1108 874 1274 941 explicanda
1290 875 1366 930 mibi

282 937 425 1061 vedentur?
445 942 606 1022 ut‘Coeluus
631 951 660 996 et
677 941 807 996 Valerius
826 945 941 1022 duorum
968 943 1080 1013 quidem
1097 941 1267 996 Hannonem
1283 958 1364 1064 sten-

280 1017 387 1143 ιιι)
400 1011 740 1157 attentatae-a
752 1009 1364 1158 sauatattttttesttttnt;

284 1093 322 1198 ll.
341 1144 407 1224 Zon.
427 1145 593 1266 qutJEHun
610 1146 663 1200 hoo
681 1163 791 1267 quqtque
809 1145 932 1267 Silcnqm
949 1147 1009 1202 sine
1028 1146 1113 1200 dubio
1131 1145 1177 1200 vel
1195 1145 1281 1201 auum
1298 1162 1360 1202 erus

279 1228 400 1280 generis,
417 1226 449 1266 ut
467 1232 475 1266 t
491 1231 508 1267 a
547 1231 626 1280 icam,
644 1232 806 1283 scriperem
825 1231 891 1270 secu
906 1233 945 1270 os.

328 1294 384 1380 58)
423 1298 531 1381 Nepos
561 1297 724 1364 Cornelius
757 1306 956 1380 auctorest,
995 1298 1165 1364 Eudoxum
1196 1294 1357 1380 quendam

245 1397 305 1445 sua
340 1387 463 1464 aetate,
500 1401 571 1447 oum
598 1383 774 1448 Latburum
802 1403 911 1466 regem
945 1384 1084 1468 fugeret,
1114 1383 1252 1448 Arabico
1286 1381 1358 1446 sinu

246 1481 409 1547 egressum
434 1465 542 1533 Gades
563 1487 663 1549 usque
683 1473 866 1553 pervectum
873 1521 881 1556 ,
903 1472 1065 1550 multoque
1087 1476 1160 1534 ante
1180 1487 1252 1534 eum
1274 1465 1355 1534 (loe-

246 1550 307 1615 lius
331 1552 497 1635 Antipater
518 1553 636 1620 vidisse
656 1573 700 1635 se,
722 1556 777 1636 qui
798 1556 984 1640 navigasset
1005 1575 1045 1618 cx
1068 1552 1224 1638 Hispania
1244 1551 1278 1616 in
1292 1553 1355 1615 Ae·

245 1633 398 1719 thiopiam
411 1637 591 1704 commercii
610 1641 722 1722 gratia.
758 1640 836 1705 Plin.
851 1641 880 1704 b.
896 1663 924 1704 n.
945 1645 987 1724 11,
1003 1641 1053 1724 67,
1070 1639 1140 1704 169.
1164 1637 1226 1725 (ed.
1239 1635 1351 1720 afflig).

317 1721 438 1776 Plinium
468 1725 612 1792 exscripsit
636 1725 766 1778 Martiam.
803 1725 871 1793 Cap.
891 1724 943 1788 VI,
967 1743 1011 1794 pg.
1031 1723 1080 1778 201
1101 1723 1187 1776 Grot:
1211 1723 1356 1776 Cornelius

281 1797 379 1844 auctor
407 1789 535 1843 adfirmat
565 1793 704 1859 quendam
739 1793 883 1845 Eudoxum
906 1791 1061 1862 fugientem
1088 1792 1162 1860 regis
1188 1787 1301 1843 insidias
1320 1803 1355 1844 ex

283 1858 405 1910 Arabico
425 1859 486 1910 sinu
504 1859 533 1911 in
546 1856 687 1911 Gaditana
705 1862 865 1928 pervenisse
882 1860 1000 1930 refugia.
1032 1859 1143 1914 Coelius
1158 1860 1307 1926 Antipater
1323 1873 1354 1912 se

281 1923 420 1978 bominem
440 1926 541 1980 vidisse
560 1924 713 1994 confirmat,
732 1930 780 1997 qui
800 1929 1000 1996 negotiationis
1018 1927 1117 1982 ardone
1135 1927 1166 1980 iu
1178 1926 1356 1996 Aethiopiam

282 2009 315 2043 ex
333 1993 470 2061 Hispania
493 1995 661 2063 navigasset,
691 1997 746 2062 (ed.
768 1996 979 2066 Eyssenhardt).
1000 2030 1027 2037 -κ
1056 1997 1086 2050 st
1104 2010 1197 2050 verum
1218 1994 1358 2064 estquod

284 2077 368 2129 supra
388 2079 436 2132 pg.
455 2063 497 2116 23.
527 2063 657 2132 exposui,
683 2063 807 2118 Coelium
831 2063 912 2117 huius
935 2069 974 2118 rei
1001 2065 1029 2118 in
1053 2060 1237 2117 describenda
1261 2064 1358 2116 Africa

281 2131 448 2182 mentionem
467 2131 585 2197 fecisse,
611 2131 665 2183 boe
691 2133 723 2185 fr.
743 2134 926 2200 probabiliter
945 2133 981 2185 ad
999 2133 1109 2186 initium
1127 2129 1145 2184 l.
1164 2129 1212 2186 Vl.
1231 2131 1358 2197 refertur,

282 2198 329 2265 qui
348 2196 459 2264 quidem
479 2198 556 2250 loeus
574 2205 687 2267 praeter
705 2213 812 2252 eeteros
832 2207 915 2268 aptus
928 2203 990 2268 luit,
1008 2219 1072 2272 quo,
1091 2203 1241 2268 antequam
1255 2197 1356 2252 bellum

282 2281 299 2314 a
322 2265 453 2331 Scipione
475 2267 529 2317 iam
549 2266 576 2318 in
595 2267 684 2333 ipsum
705 2269 830 2319 Africam
853 2269 1018 2322 translatum
1037 2266 1223 2335 describeret,
1245 2266 1281 2320 de
1299 2268 1355 2320 eius

282 2335 373 2384 terrae
392 2332 447 2384 situ
465 2349 498 2384 ac
516 2339 616 2388 natura
634 2345 793 2404 exponeret.
934 2346 940 2359 ‘

335 2397 391 2483 59)
424 2400 523 2484 Alpes
546 2400 579 2464 in
606 2402 835 2486 longitudinem
861 2406 995 2468 centena
1017 2401 1104 2466 milia
1124 2421 1276 2486 passuum
1300 2422 1353 2487 pa

247 2488 314 2546 tere
343 2504 365 2548 a
392 2504 507 2602 supero
533 2487 615 2552 mari
641 2489 685 2552 ad
711 2489 845 2556 inferum
871 2485 998 2556 Coelius
1028 2487 1134 2554 tradit.
1172 2488 1253 2557 Plin.
1272 2488 1301 2557 b.
1320 2507 1352 2556 u.

246 2570 380 2710 m’Slialld
401 2575 486 2710 ddtlo
504 2656 585 2710 lib.I.
604 2657 656 2711 boc
674 2658 780 2712 factum
799 2666 856 2725 est,
878 2659 926 2712 ubi
945 2654 1110 2710 Hannibalis
1129 2671 1180 2726 per
1196 2653 1286 2726 Alpes
1304 2655 1358 2713 iter

279 2731 543 2874 naigadqt.00elius
568 2793 655 2877 apud
676 2812 734 2857 nos
763 2791 796 2857 in
816 2794 944 2857 Averno
972 2792 1017 2856 ait
1036 2793 1132 2857 etiam
1156 2790 1234 2855 folia
1255 2789 1353 2855 subsi-

247 2869 330 2958 dere,
341 2875 441 2941 Varro
449 2897 525 2943 aves
535 2897 617 2960 quae
629 2877 847 2944 advolaverint
855 2878 960 2948 emori,
971 2877 1052 2942 Ptin.
1062 2878 1090 2942 b.
1099 2897 1128 2941 n.
1137 2875 1258 2959 XXXI,
1266 2878 1297 2956 2,
1307 2875 1356 2942 18.

313 2959 393 3014 Haec
410 2964 495 3016 verba
512 2982 671 3034 quanquam
686 2966 723 3017 ab
739 2965 868 3017 historiae
890 2966 1024 3034 scriptore
1043 2963 1246 3033 quodammodo
1263 2962 1357 3014 aliem

279 3044 343 3083 esse
355 3033 491 3096 videntur,
499 3041 591 3086 tannen
605 3051 668 3086 eum
679 3034 706 3085 in
718 3031 791 3086 bello
802 3031 876 3086 Pal.
884 3031 1069 3086 describendo
1079 3032 1239 3086 occasiones
1249 3027 1353 3108 multat

281 3106 376 3152 essent
401 3099 450 3152 ubi
478 3103 537 3154 eius
562 3101 639 3154 lacus
668 3101 835 3154 mentionem
859 3103 953 3154 tacere
978 3100 1083 3164 liceret,
1113 3131 1139 3138 -
1173 3100 1210 3152 ot'.
1237 3111 1353 3152 maxume

280 3163 341 3217 Lis.
360 3162 470 3234 XXlV,
487 3171 572 3223 1a.-
587 3170 648 3240 quis
665 3167 724 3223 fieri
742 3171 867 3238 potuisse
885 3169 1005 3240 negarit,
1022 3177 1054 3220 ut
1070 3167 1124 3222 hoc
1142 3183 1264 3238 quoque,
1281 3159 1354 3236 quod

281 3241 394 3299 praeter
419 3245 523 3356 cetera?
538 3238 637 3290 mirum
667 3238 822 3306 notitiaque
854 3235 968 3306 dignum
997 3234 1050 3288 sibi
1075 3235 1233 3302 videretur,
1257 3233 1353 3304 paucis

278 3313 505 3356 commemoraret

328 3371 383 3448 61)
417 3370 631 3454 Coeliustquc)
664 3373 836 3440 Troianum
861 3369 974 3456 Capyn
1003 3372 1181 3438 condidisse
1209 3373 1352 3456 Capuam

243 3455 382 3555 tradidit,
407 3475 543 3537 cumque
564 3465 694 3524 Aeneae
717 3459 814 3524 fuisse
836 3459 1067 3524 consobrinum.
1102 3458 1194 3542 Serv..
1212 3458 1255 3522 ad
1274 3462 1353 3522 Aen.

226 3549 284 3628 'X'
312 3543 409 3682 lllllde
427 3623 480 3677 boc
493 3625 527 3678 fr.
547 3642 631 3697 supra
649 3643 695 3758 pq.
713 3626 753 3679 la.

327 3697 382 3774 62)
418 3693 561 3758 Subnixa
598 3696 677 3760 Pete
689 3695 720 3758 ia
758 3713 847 3759 muro
864 3744 871 3760 .
889 3746 897 3763 .
912 3747 942 3763 ..
979 3695 1032 3760 alii
1072 3694 1238 3760 subnixam
1280 3691 1351 3758 ideo

245 3781 414 3865 accipiunt,
438 3780 512 3861 quia
533 3780 685 3863 imposita
704 3787 751 3845 est
774 3781 899 3846 excelso
922 3801 1027 3866 muro,
1051 3789 1087 3846 ut
1108 3779 1234 3848 Coelius
1256 3777 1352 3842 bisto-

243 3864 325 3932 ricus
345 3866 398 3934 ait.
432 3866 520 3930 Serv.
542 3867 592 3932 ad.
612 3869 691 3935 Aen.
713 3871 772 3950 111,
791 3869 862 3932 402.

309 3953 405 4006 Nauta
436 3968 499 4004 cum
528 3953 618 4005 verbis
651 3969 707 4006 non
736 3959 812 4006 recte
844 3953 993 4006 intellectis
1020 3950 1175 4017 dubitaret,
1207 3966 1274 4004 num
1300 3963 1348 4017 pro

281 4019 396 4087 „cincta
425 4020 533 4088 mnro“,
562 4018 672 4074 Coelius
698 4020 819 4074 scribere
842 4022 980 4089 potuisset
1010 4020 1069 4088 „im
1090 4020 1164 4074 osita
1187 4019 1288 4072 muro“
1314 4015 1350 4070 le·

275 4089 396 4157 gendum
427 4090 548 4142 coniecit
581 4089 747 4158 „tumulo“;
780 4090 855 4160 quod
879 4105 1030 4208 1perperam
1074 4095 1168 4140 actum
1201 4088 1274 4142 ultro
1303 4100 1349 4206 afl-

274 4163 365 4227 paret.
399 4153 442 4209 Re
465 4173 531 4209 vera
554 4156 638 4226 igitur
663 4157 798 4211 Peteliam
824 4187 854 4196 -
899 4176 913 4212 e
937 4172 994 4227 quo
1017 4169 1085 4210 sanc
1109 4155 1256 4224 practerea
1284 4153 1349 4206 mii
