3024 4870
820 293 870 362 48

281 499 314 514 --
333 466 435 552 igitur
446 462 563 548 Livius,
586 482 690 548 aquo
710 462 835 537 initium
854 464 945 535 nobis
959 463 1148 547 ,iaciendum
1169 473 1226 548 est,
1250 488 1340 551 quac
1367 469 1415 538 de

280 553 362 620 bello
384 549 503 618 Punico
526 549 667 616 secundo
686 549 778 615 tertia
801 550 906 633 operis
926 549 1046 616 decade
1064 553 1194 618 tradidit
1213 592 1253 602 -
1277 575 1410 640 excep-

278 637 320 704 tis
341 636 461 706 scilicet
482 634 527 701 eis
550 654 633 716 quae
654 654 711 718 per
733 654 768 699 se
793 635 935 702 eiusdem
955 636 1106 718 temporis
1129 638 1409 722 descriptionibus

279 724 423 790 omnibus
446 720 625 787 communia
643 719 706 785 sint
727 727 850 803 oportet
879 757 919 768 -
950 718 982 784 in
1003 721 1066 786 duo
1088 723 1180 804 quasi
1202 743 1325 806 genera
1352 727 1406 792 di-

278 807 415 874 videnda
437 813 525 890 sunt,
558 824 692 886 quorum
714 805 847 870 alterum
871 824 957 872 mere
987 826 1008 870 a
1031 809 1163 891 Polybio
1188 809 1405 894 desumptum

277 899 339 977 est,
375 893 511 958 alterum
541 891 582 955 ab
603 890 766 956 annalium
799 890 1003 972 scriptoribus
1025 893 1179 958 Romanis
1207 901 1240 958 et
1259 895 1404 962 Graecis

276 978 354 1059 illis,
374 995 454 1059 quos
476 975 745 1060 supradiximus,
774 973 943 1050 historicis,
966 975 1073 1040 Sileno
1095 978 1254 1060 maxime,
1275 980 1402 1058 Sosilo,

276 1062 353 1130 aliis.
395 1063 446 1128 ha
466 1067 501 1126 ut
523 1059 703 1129 etiamnunc
723 1061 804 1127 inter
825 1080 860 1128 se
882 1059 1017 1127 discerni
1037 1063 1178 1146 possint,
1207 1064 1285 1146 ⁴ipsa
1308 1066 1403 1132 Livii

276 1169 341 1232 qua
361 1167 441 1232 opus
462 1165 553 1212 suum
577 1145 785 1212 conscriberet
807 1145 929 1213 ratione
948 1145 1066 1212 factum
1086 1155 1143 1213 est.
1163 1149 1196 1213 Is
1219 1149 1301 1214 enim
1326 1171 1399 1216 non

276 1254 373 1300 unum
397 1233 588 1307 alterumve,
622 1231 707 1312 quod
736 1229 776 1294 de
798 1231 924 1296 criticae
949 1231 1025 1296 acis
1055 1234 1233 1317 praeceptis
1260 1235 1398 1300 omnino

274 1322 391 1388 bonum
414 1334 587 1396 verumque
606 1316 666 1381 sibi
686 1314 853 1398 videretur,
873 1315 933 1380 sibi
946 1317 1126 1400 assumpsit
1150 1319 1207 1382 sed
1218 1319 1314 1383 modo
1331 1321 1398 1385 hoo

274 1404 368 1471 ruodo
391 1400 470 1466 illud
500 1437 540 1448 -
569 1399 618 1464 hic
645 1400 707 1464 illic
731 1400 830 1464 altero
854 1406 909 1462 aut
931 1407 1082 1482 tanquam
1104 1403 1199 1468 dubio
1219 1404 1272 1469 vel
1301 1412 1395 1470 certe

273 1485 426 1553 memoria
447 1485 544 1566 digno
567 1483 712 1567 apposito
727 1492 782 1549 aut
797 1492 906 1568 aperte
928 1485 1062 1552 refutato
1075 1525 1115 1534 -—
1135 1496 1269 1570 secutus,
1292 1489 1393 1554 inter-

273 1574 351 1639 dum
371 1569 466 1638 etiam
489 1570 582 1634 ambo
607 1569 688 1634 inter
707 1589 742 1634 se
764 1569 956 1652 coniungere
976 1579 1108 1638 conatus
1129 1579 1184 1636 est.
1219 1574 1311 1638 Mixti
1332 1595 1392 1638 au-

271 1667 335 1726 tem
358 1655 483 1742 generis
501 1653 595 1736 illius,
616 1654 701 1736 quod
721 1653 865 1734 dixerim,
886 1660 1109 1738 praeterquam
1125 1657 1211 1738 quod
1226 1679 1276 1723 res
1297 1659 1392 1742 ipsae

272 1744 363 1810 aliter
386 1762 425 1807 ac
447 1739 599 1823 Polybius
621 1738 750 1804 tradidit
777 1746 888 1820 gestae
916 1748 1101 1824 narrantur,
1135 1743 1196 1806 hoc
1221 1745 1389 1826 proprium

274 1837 338 1911 est,
374 1825 460 1908 quod
482 1826 548 1888 eius
570 1832 681 1888 auctor
702 1825 753 1888 vel
776 1833 920 1890 auctores
944 1833 975 1891 et
1001 1827 1042 1890 ad
1065 1845 1121 1904 ea,
1161 1846 1244 1907 quae
1262 1829 1390 1894 Romae

270 1913 383 1978 tierent
403 1915 499 1990 atque
522 1907 565 1972 ad
587 1907 813 1991 rempublicam
824 1909 1003 1978 Romanam
1026 1910 1226 1994 pertinerent,
1249 1913 1386 1996 Polybio

271 1997 369 2065 multo
399 1993 502 2076 magis
525 1994 723 2078 respexerint
755 2001 786 2060 et
809 1993 1115 2060 narratiuncularum
1135 1996 1387 2080 fabellarumque

272 2121 311 2132 -
335 2082 444 2164 quales
474 2078 602 2161 quidem
624 2099 648 2144 a
664 2079 863 2163 pragmatica
884 2080 1070 2146 scribendae
1092 2081 1241 2146 historiae
1262 2083 1386 2150 ratione

270 2187 400 2250 prorsus
421 2164 545 2229 alienae
564 2171 637 2229 sunt
658 2203 697 2212 -
721 2165 951 2230 narrandarum
973 2165 1102 2247 aliquod
1112 2166 1250 2232 studium
1265 2167 1384 2234 habue-

272 2251 346 2316 rint:
385 2252 426 2316 at
448 2249 603 2313 eiusmodi
626 2248 754 2330 quidem
776 2247 1030 2317 narratiunculae
1059 2251 1233 2316 maximam
1258 2261 1383 2336 partem

271 2336 367 2402 etiam
385 2334 472 2418 apud
489 2334 636 2398 Cassium
657 2334 793 2399 Dionem
814 2335 996 2416 (Zonaram)
1019 2343 1051 2400 et
1071 2335 1268 2419 Appianum,
1290 2357 1382 2422 prae-

270 2429 415 2502 terquam
439 2417 576 2500 quodin
599 2418 668 2484 aliis
696 2437 822 2500 quoque
852 2420 944 2484 rebus
971 2440 1042 2485 cum
1071 2421 1148 2500 hoc,
1182 2422 1268 2502 quod
1296 2424 1382 2506 apud

270 2506 473 2582 Liviumest,
494 2521 611 2587 genere
630 2511 823 2587 congruunt,
844 2503 1060 2590 inveniuntur;
1083 2525 1163 2588 quos
1187 2526 1259 2570 cum
1281 2508 1379 2574 Grae-

270 2706 435 2770 habeamus,
460 2703 490 2756 in
508 2708 614 2758 ceteros
629 2703 690 2758 fieri
707 2702 791 2756 debet
808 2719 841 2757 ac
857 2702 917 2758 iure
933 2701 967 2756 fit
984 2703 1125 2760 conclusio
1169 2707 1251 2762 simul
1267 2707 1318 2762 reli
1338 2709 1378 2763 uis

269 2778 298 2828 et
318 2773 396 2826 libris
422 2776 450 2825 et
476 2771 543 2825 belli
566 2771 665 2851 Punici
688 2771 800 2852 secundi
818 2771 997 2842 scriptoribus
1021 2747 1225 2842 comprehensis
1251 2793 1285 2832 ea
1314 2727 1376 2846 ihre,

269 2857 385 2912 quorum
404 2855 538 2892 summam
556 2840 610 2894 iam
629 2857 658 2894 rn
675 2840 853 2911 sequentibus
873 2839 1024 2908 exhibebo,
1041 2843 1198 2912 proposuit3
1227 2861 1298 2914 quae
1317 2863 1378 2898 cum

267 2909 327 2981 ipse
345 2907 493 2990 diligenter
507 2914 696 2990 perscrutatus
713 2909 775 2976 sim,
807 2910 983 2963 metuendum
1000 2925 1057 2962 non
1075 2917 1130 2978 est,
1159 2929 1195 2966 ne
1213 2918 1314 2967 temere
1331 2929 1373 2966 me

267 2993 447 3046 assumpsrsse
492 2995 535 3030 urs
558 2977 638 3030 dicat
670 2975 825 3032 Novissime
847 2977 941 3030 Peteri
963 2979 1126 3032 sententiam
1152 2979 1187 3032 im
1210 2999 1229 3034 u
1268 2979 1322 3034 avit
1343 2979 1372 3033 O.

266 3046 416 3102 Boettcher
432 3045 461 3098 in
493 3045 575 3099 'bello
593 3046 637 3099 cui
657 3045 818 3099 inscribitur
835 3043 1033 3113 „Quaestiones
1051 3046 1162 3102 criticae
1199 3066 1214 3102 e
1257 3048 1287 3102 iti
1301 3045 1370 3100 Livii

266 3115 332 3172 libri
351 3115 431 3168 XXI.
449 3119 478 3168 et
494 3113 587 3168 XXll.
608 3112 746 3180 fontibus,
776 3113 934 3182 Regimont.
957 3113 1050 3181 retu‘,
1080 3115 1153 3169 hanc
1176 3117 1287 3186 quidem
1303 3115 1372 3170 viam

266 3184 419 3254 ingressus:
444 3182 570 3251 „Livium
589 3187 617 3235 et
636 3181 784 3261 Polybium
803 3181 833 3234 in
853 3181 893 3234 eis
908 3181 1031 3252 praxime
1046 3183 1128 3236 rebus
1148 3183 1221 3239 inter
1235 3202 1264 3240 se
1281 3200 1372 3240 conve-

265 3251 336 3319 nire,
353 3267 425 3321 quae
443 3257 529 3320 agant
546 3252 580 3304 de
600 3249 759 3304 Hannibale
777 3255 805 3303 et
826 3248 1080 3320 Kartaginiensium
1100 3253 1228 3306 exercitu.
1263 3252 1372 3322 Polybii

265 3317 370 3374 fontem
394 3319 542 3439 praecipue
563 3335 606 3372 res
628 3317 664 3371 ab
686 3317 728 3370 his
772 3325 844 3372 estas
867 3317 1020 3387 continere,
1038 3318 1096 3372 eius
1115 3325 1253 3374 auctorem
1279 3327 1373 3375 testem

265 3404 323 3442 esse
351 3392 491 3442 occatum
517 3391 545 3440 et
571 3386 600 3438 in
629 3387 726 3440 castris
783 3386 1010 3457 artaginiensium
1040 3387 1276 3460 probabiliterque
1313 3405 1371 3442 cum

265 3455 424 3510 Hannibale
442 3453 640 3508 consuetudine
657 3453 835 3508 coniunctum
853 3455 954 3522 tuisse3
975 3455 1087 3509 ethunc
1104 3457 1215 3526 quidem
1233 3473 1291 3510 esse
1309 3457 1371 3512 Sile-

179 3528 181 3532 “
266 3543 340 3580 num.
373 3525 433 3580 Iam
451 3540 516 3578 vero
535 3521 646 3574 Livium
666 3539 681 3576 e
696 3521 816 3602 Polybio
831 3523 910 3576 nullo
927 3524 1009 3576 modo
1027 3524 1163 3592 hausisse,
1186 3525 1240 3580 imo
1258 3525 1369 3579 eundem

263 3593 369 3648 fontem
388 3592 510 3648 Silenum
528 3589 665 3656 habuisse,
683 3591 795 3658 sed1ta,
812 3596 916 3645 utnon
933 3591 969 3644 ab
988 3591 1047 3660 ipso
1064 3591 1163 3661 Sileno,
1182 3588 1276 3647 sed'ab
1290 3609 1370 3646 anna-

262 3661 331 3716 lium
348 3660 480 3730 scriptore
499 3659 578 3714 illum
600 3663 707 3726 secuto,
739 3658 787 3729 qui
808 3658 889 3712 etiam
912 3676 955 3712 res
977 3659 1081 3714 Romae
1109 3667 1203 3732 gestas
1223 3661 1369 3716 addidisset

263 3731 418 3784 accuratius
439 3747 474 3784 ue
490 3729 527 3782 ad
543 3745 590 3782 eas
607 3726 782 3797 respexisset,
800 3743 833 3781 ea
851 3727 880 3780 in
898 3727 999 3798 quibus
1017 3745 1080 3782 cum
1097 3729 1216 3799 Polybio
1238 3735 1369 3798 congruat

264 3799 415 3868 accepisse3
453 3815 507 3852 unc
524 3802 616 3851 autem
632 3794 849 3851 esseCocliumf‘
878 3796 932 3860 Qui
945 3795 1057 3850 libellus
1075 3815 1135 3850 cum
1153 3813 1213 3852 sero
1229 3798 1258 3850 in
1277 3815 1367 3852 manus

262 3881 337 3918 meas
355 3867 461 3920 venerit
477 3882 527 3920 nec
543 3865 626 3919 huius
643 3863 697 3918 loci
708 3865 788 3932 ratio,
805 3870 838 3918 ut
854 3864 966 3919 uberius
984 3881 1055 3936 quae
1073 3865 1120 3920 ille
1142 3865 1314 3936 proposuerit
1329 3881 1366 3918 re·

262 3933 358 4001 tutem,
376 3934 526 4003 permittat,
543 3935 580 3988 ad
597 3934 671 4005 ipsos
688 3937 795 3986 tanturn
814 3949 907 3988 eorum
922 3932 1008 3986 libros
1019 3933 1142 4004 relegare
1159 3951 1284 4003 possum3
1301 3949 1364 4002 quos

262 4003 285 4056 si
302 4002 374 4056 inter
392 4017 421 4056 se
440 4004 652 4072 comparaveris,
678 4001 872 4056 Boettcherurn
892 4019 909 4056 a
932 4001 1010 4056 falsis
1032 4001 1174 4081 principiis
1198 4018 1364 4073 progressum

262 4071 334 4126 falsa
353 4070 520 4124 contendere
537 4070 620 4125 facile
643 4087 782 4140 agnosces.
818 4071 865 4124 Ad
888 4087 970 4141 quam
992 4071 1104 4140 quidem
1127 4071 1292 4126 sententiam
1313 4086 1363 4124 arn-

262 4139 337 4209 plius
354 4138 563 4208 defendendam,
581 4139 605 4192 si
623 4139 684 4209 quis
699 4138 888 4208 postulaverit,
907 4144 1021 4209 paratus
1039 4154 1092 4191 ero.
1387 4143 1390 4148 '
