<?xml version="1.0" encoding="UTF-8"?>
<!DOCTYPE html PUBLIC "-//W3C//DTD XHTML 1.0 Transitional//EN"
    "http://www.w3.org/TR/xhtml1/DTD/xhtml1-transitional.dtd">
<html xmlns="http://www.w3.org/1999/xhtml" xml:lang="en" lang="en">
 <head>
  <title>
</title>
<meta http-equiv="Content-Type" content="text/html;charset=utf-8" />
  <meta name='ocr-system' content='tesseract 3.04.00' />
  <meta name='ocr-capabilities' content='ocr_page ocr_carea ocr_par ocr_line ocrx_word'/>
</head>
<body>
  <div class='ocr_page' id='page_1' title='image "./delcoelioantipa00meltgoog_0050.png"; bbox 0 0 3024 4870; ppageno 0'>
   <div class='ocr_carea' id='block_1_1' title="bbox 588 345 736 416">
    <p class='ocr_par' dir='ltr' id='par_1_1' title="bbox 588 345 736 416">
     <span class='ocr_line' id='line_1_1' title="bbox 588 345 736 416; baseline 0 0"><span class='ocrx_word' id='word_1_1' title='bbox 588 345 593 362; x_wconf 65' lang='lat'>²</span> <span class='ocrx_word' id='word_1_2' title='bbox 689 347 736 416; x_wconf 68' lang='lat' dir='ltr'><strong>ab</strong></span> 
     </span>
    </p>
   </div>
   <div class='ocr_carea' id='block_1_2' title="bbox 157 511 1282 3411">
    <p class='ocr_par' dir='ltr' id='par_1_2' title="bbox 157 511 1282 3411">
     <span class='ocr_line' id='line_1_2' title="bbox 157 511 1268 604; baseline -0.003 -16"><span class='ocrx_word' id='word_1_3' title='bbox 157 519 257 588; x_wconf 83' lang='lat' dir='ltr'><strong>Oineii</strong></span> <span class='ocrx_word' id='word_1_4' title='bbox 278 518 410 586; x_wconf 83' lang='lat' dir='ltr'><strong>annales</strong></span> <span class='ocrx_word' id='word_1_5' title='bbox 432 519 507 599; x_wconf 91' lang='lat' dir='ltr'><strong>quin</strong></span> <span class='ocrx_word' id='word_1_6' title='bbox 520 517 572 582; x_wconf 73' lang='lat' dir='ltr'><strong>‘ad</strong></span> <span class='ocrx_word' id='word_1_7' title='bbox 592 535 672 602; x_wconf 89' lang='lat' dir='ltr'><strong>opus</strong></span> <span class='ocrx_word' id='word_1_8' title='bbox 691 535 787 584; x_wconf 72' lang='lat' dir='ltr'><strong>&#39;mum</strong></span> <span class='ocrx_word' id='word_1_9' title='bbox 808 511 1061 601; x_wconf 77' lang='lat' dir='ltr'><strong>componendum</strong></span> <span class='ocrx_word' id='word_1_10' title='bbox 1083 517 1268 604; x_wconf 76' lang='lat' dir='ltr'><strong>adhibuerit,=</strong></span> 
     </span>
     <span class='ocr_line' id='line_1_3' title="bbox 157 601 1268 688; baseline -0.003 -17"><span class='ocrx_word' id='word_1_11' title='bbox 157 613 213 670; x_wconf 85' lang='lat' dir='ltr'><strong>aut</strong></span> <span class='ocrx_word' id='word_1_12' title='bbox 235 613 319 671; x_wconf 88' lang='lat' dir='ltr'><strong>corte</strong></span> <span class='ocrx_word' id='word_1_13' title='bbox 341 605 464 670; x_wconf 88' lang='lat' dir='ltr'><strong>noverit</strong></span> <span class='ocrx_word' id='word_1_14' title='bbox 487 605 530 668; x_wconf 83' lang='lat' dir='ltr'><strong>ad</strong></span> <span class='ocrx_word' id='word_1_15' title='bbox 551 622 670 684; x_wconf 88' lang='lat' dir='ltr'><strong>eosque</strong></span> <span class='ocrx_word' id='word_1_16' title='bbox 692 604 875 688; x_wconf 80' lang='lat' dir='ltr'><strong>respexerit,</strong></span> <span class='ocrx_word' id='word_1_17' title='bbox 899 601 1028 668; x_wconf 89' lang='lat' dir='ltr'><strong>dubium</strong></span> <span class='ocrx_word' id='word_1_18' title='bbox 1050 619 1195 669; x_wconf 79' lang='lat' dir='ltr'><strong>essenon</strong></span> <span class='ocrx_word' id='word_1_19' title='bbox 1212 622 1268 688; x_wconf 69' lang='lat' dir='ltr'><strong>pm</strong></span> 
     </span>
     <span class='ocr_line' id='line_1_4' title="bbox 159 687 1270 774; baseline -0.002 -18"><span class='ocrx_word' id='word_1_20' title='bbox 159 696 239 774; x_wconf 84' lang='lat' dir='ltr'><strong>test;</strong></span> <span class='ocrx_word' id='word_1_21' title='bbox 275 709 316 754; x_wconf 86' lang='lat' dir='ltr'><strong>ex</strong></span> <span class='ocrx_word' id='word_1_22' title='bbox 337 691 378 754; x_wconf 90' lang='lat' dir='ltr'><strong>M.</strong></span> <span class='ocrx_word' id='word_1_23' title='bbox 401 695 508 754; x_wconf 89' lang='lat' dir='ltr'><strong>autem</strong></span> <span class='ocrx_word' id='word_1_24' title='bbox 530 689 633 753; x_wconf 91' lang='lat' dir='ltr'><strong>Porcii</strong></span> <span class='ocrx_word' id='word_1_25' title='bbox 663 688 794 754; x_wconf 84' lang='lat' dir='ltr'><strong>Oatcnis</strong></span> <span class='ocrx_word' id='word_1_26' title='bbox 816 687 990 770; x_wconf 76' lang='lat' dir='ltr'>originibus</span> <span class='ocrx_word' id='word_1_27' title='bbox 1021 707 1094 752; x_wconf 92' lang='lat' dir='ltr'><strong>eum</strong></span> <span class='ocrx_word' id='word_1_28' title='bbox 1125 689 1270 755; x_wconf 74' lang='lat' dir='ltr'><strong>hausisse</strong></span> 
     </span>
     <span class='ocr_line' id='line_1_5' title="bbox 161 773 1269 858; baseline -0.002 -18"><span class='ocrx_word' id='word_1_29' title='bbox 161 775 223 858; x_wconf 87' lang='lat' dir='ltr'><strong>ipsi</strong></span> <span class='ocrx_word' id='word_1_30' title='bbox 243 794 341 858; x_wconf 90' lang='lat' dir='ltr'><strong>supra</strong></span> <span class='ocrx_word' id='word_1_31' title='bbox 363 775 501 840; x_wconf 88' lang='lat' dir='ltr'><strong>vidimus</strong></span> <span class='ocrx_word' id='word_1_32' title='bbox 523 780 554 838; x_wconf 89' lang='lat' dir='ltr'><strong>et</strong></span> <span class='ocrx_word' id='word_1_33' title='bbox 575 773 715 858; x_wconf 77' lang='lat' dir='ltr'><strong>Gellius,</strong></span> <span class='ocrx_word' id='word_1_34' title='bbox 746 773 879 855; x_wconf 87' lang='lat' dir='ltr'><strong>nequis</strong></span> <span class='ocrx_word' id='word_1_35' title='bbox 909 791 986 837; x_wconf 86' lang='lat' dir='ltr'><strong>casu</strong></span> <span class='ocrx_word' id='word_1_36' title='bbox 1009 778 1134 838; x_wconf 90' lang='lat' dir='ltr'><strong>tantum</strong></span> <span class='ocrx_word' id='word_1_37' title='bbox 1160 792 1269 840; x_wconf 88' lang='lat' dir='ltr'><strong>eorum</strong></span> 
     </span>
     <span class='ocr_line' id='line_1_6' title="bbox 160 857 1272 942; baseline -0.004 -16"><span class='ocrx_word' id='word_1_38' title='bbox 160 861 259 926; x_wconf 88' lang='lat' dir='ltr'><strong>verba</strong></span> <span class='ocrx_word' id='word_1_39' title='bbox 279 866 368 924; x_wconf 91' lang='lat' dir='ltr'><strong>tanto</strong></span> <span class='ocrx_word' id='word_1_40' title='bbox 390 879 485 942; x_wconf 87' lang='lat' dir='ltr'><strong>opere</strong></span> <span class='ocrx_word' id='word_1_41' title='bbox 504 858 586 922; x_wconf 87' lang='lat' dir='ltr'><strong>inter</strong></span> <span class='ocrx_word' id='word_1_42' title='bbox 607 877 642 924; x_wconf 92' lang='lat' dir='ltr'><strong>se</strong></span> <span class='ocrx_word' id='word_1_43' title='bbox 664 878 839 942; x_wconf 81' lang='lat' dir='ltr'><strong>congruere</strong></span> <span class='ocrx_word' id='word_1_44' title='bbox 860 857 1070 942; x_wconf 84' lang='lat' dir='ltr'><strong>existimaret,</strong></span> <span class='ocrx_word' id='word_1_45' title='bbox 1093 865 1202 941; x_wconf 89' lang='lat' dir='ltr'><strong>aperte</strong></span> <span class='ocrx_word' id='word_1_46' title='bbox 1225 859 1272 923; x_wconf 93' lang='lat' dir='ltr'><strong>di-</strong></span> 
     </span>
     <span class='ocr_line' id='line_1_7' title="bbox 161 941 1270 1027; baseline -0.002 -17"><span class='ocrx_word' id='word_1_47' title='bbox 161 946 216 1010; x_wconf 82' lang='lat' dir='ltr'><strong>xit.</strong></span> <span class='ocrx_word' id='word_1_48' title='bbox 254 945 343 1010; x_wconf 91' lang='lat' dir='ltr'><strong>Idem</strong></span> <span class='ocrx_word' id='word_1_49' title='bbox 364 943 432 1009; x_wconf 88' lang='lat' dir='ltr'><strong>sine</strong></span> <span class='ocrx_word' id='word_1_50' title='bbox 453 942 548 1008; x_wconf 89' lang='lat' dir='ltr'><strong>dubio</strong></span> <span class='ocrx_word' id='word_1_51' title='bbox 570 943 658 1009; x_wconf 89' lang='lat' dir='ltr'><strong>novit</strong></span> <span class='ocrx_word' id='word_1_52' title='bbox 688 945 890 1027; x_wconf 85' lang='lat' dir='ltr'><strong>inspexitque</strong></span> <span class='ocrx_word' id='word_1_53' title='bbox 912 942 945 1008; x_wconf 82' lang='lat' dir='ltr'><strong>O.</strong></span> <span class='ocrx_word' id='word_1_54' title='bbox 968 941 1060 1007; x_wconf 86' lang='lat' dir='ltr'><strong>Acilii</strong></span> <span class='ocrx_word' id='word_1_55' title='bbox 1080 943 1270 1026; x_wconf 79' lang='lat' dir='ltr'><strong>Glabrionis,</strong></span> 
     </span>
     <span class='ocr_line' id='line_1_8' title="bbox 160 1026 1274 1112; baseline -0.002 -18"><span class='ocrx_word' id='word_1_56' title='bbox 160 1031 198 1096; x_wconf 82' lang='lat' dir='ltr'><strong>A.</strong></span> <span class='ocrx_word' id='word_1_57' title='bbox 218 1028 374 1095; x_wconf 89' lang='lat' dir='ltr'><strong>Postumii</strong></span> <span class='ocrx_word' id='word_1_58' title='bbox 394 1028 510 1108; x_wconf 85' lang='lat' dir='ltr'><strong>Albini,</strong></span> <span class='ocrx_word' id='word_1_59' title='bbox 534 1029 570 1092; x_wconf 86' lang='lat' dir='ltr'><strong>L.</strong></span> <span class='ocrx_word' id='word_1_60' title='bbox 594 1027 755 1112; x_wconf 79' lang='lat' dir='ltr'><strong>calpurnii</strong></span> <span class='ocrx_word' id='word_1_61' title='bbox 776 1028 910 1111; x_wconf 85' lang='lat' dir='ltr'><strong>Pisonis,</strong></span> <span class='ocrx_word' id='word_1_62' title='bbox 933 1028 969 1092; x_wconf 86' lang='lat' dir='ltr'><strong>L.</strong></span> <span class='ocrx_word' id='word_1_63' title='bbox 993 1026 1097 1093; x_wconf 75' lang='lat' dir='ltr'><strong>Cassii</strong></span> <span class='ocrx_word' id='word_1_64' title='bbox 1117 1029 1274 1094; x_wconf 82' lang='lat' dir='ltr'><strong>Heminae</strong></span> 
     </span>
     <span class='ocr_line' id='line_1_9' title="bbox 163 1112 1274 1198; baseline -0.002 -18"><span class='ocrx_word' id='word_1_65' title='bbox 163 1115 296 1180; x_wconf 83' lang='lat' dir='ltr'><strong>annales</strong></span> <span class='ocrx_word' id='word_1_66' title='bbox 317 1121 391 1178; x_wconf 92' lang='lat' dir='ltr'><strong>ante</strong></span> <span class='ocrx_word' id='word_1_67' title='bbox 413 1133 488 1179; x_wconf 89' lang='lat' dir='ltr'><strong>suos</strong></span> <span class='ocrx_word' id='word_1_68' title='bbox 509 1112 608 1196; x_wconf 91' lang='lat' dir='ltr'><strong>ipsius</strong></span> <span class='ocrx_word' id='word_1_69' title='bbox 631 1114 748 1198; x_wconf 72' lang='lat' dir='ltr'><strong>editos,</strong></span> <span class='ocrx_word' id='word_1_70' title='bbox 778 1114 856 1198; x_wconf 86' lang='lat' dir='ltr'><strong>legit</strong></span> <span class='ocrx_word' id='word_1_71' title='bbox 881 1113 979 1190; x_wconf 88' lang='lat' dir='ltr'><strong>etiam</strong></span> <span class='ocrx_word' id='word_1_72' title='bbox 1000 1113 1142 1178; x_wconf 88' lang='lat' dir='ltr'><strong>Marcelli</strong></span> <span class='ocrx_word' id='word_1_73' title='bbox 1159 1114 1274 1178; x_wconf 80' lang='lat' dir='ltr'><strong>lauda·</strong></span> 
     </span>
     <span class='ocr_line' id='line_1_10' title="bbox 162 1197 1275 1282; baseline -0.002 -17"><span class='ocrx_word' id='word_1_74' title='bbox 162 1200 277 1266; x_wconf 90' lang='lat' dir='ltr'><strong>tionem</strong></span> <span class='ocrx_word' id='word_1_75' title='bbox 293 1220 313 1264; x_wconf 89' lang='lat' dir='ltr'><strong>a</strong></span> <span class='ocrx_word' id='word_1_76' title='bbox 327 1199 391 1263; x_wconf 91' lang='lat' dir='ltr'><strong>filio</strong></span> <span class='ocrx_word' id='word_1_77' title='bbox 406 1199 564 1282; x_wconf 87' lang='lat' dir='ltr'><strong>scriptam,</strong></span> <span class='ocrx_word' id='word_1_78' title='bbox 578 1198 662 1263; x_wconf 89' lang='lat' dir='ltr'><strong>uude</strong></span> <span class='ocrx_word' id='word_1_79' title='bbox 683 1199 771 1264; x_wconf 89' lang='lat' dir='ltr'><strong>haud</strong></span> <span class='ocrx_word' id='word_1_80' title='bbox 791 1207 909 1264; x_wconf 88' lang='lat' dir='ltr'><strong>temere</strong></span> <span class='ocrx_word' id='word_1_81' title='bbox 929 1197 1057 1262; x_wconf 90' lang='lat' dir='ltr'><strong>omnino</strong></span> <span class='ocrx_word' id='word_1_82' title='bbox 1078 1217 1153 1262; x_wconf 88' lang='lat' dir='ltr'><strong>eum</strong></span> <span class='ocrx_word' id='word_1_83' title='bbox 1174 1217 1275 1280; x_wconf 82' lang='lat' dir='ltr'><strong>quan-</strong></span> 
     </span>
     <span class='ocr_line' id='line_1_11' title="bbox 166 1283 1275 1368; baseline -0.002 -18"><span class='ocrx_word' id='word_1_84' title='bbox 166 1293 232 1350; x_wconf 92' lang='lat' dir='ltr'><strong>tum</strong></span> <span class='ocrx_word' id='word_1_85' title='bbox 255 1291 363 1368; x_wconf 86' lang='lat' dir='ltr'><strong>posset</strong></span> <span class='ocrx_word' id='word_1_86' title='bbox 384 1303 425 1348; x_wconf 79' lang='lat' dir='ltr'><strong>ex</strong></span> <span class='ocrx_word' id='word_1_87' title='bbox 445 1283 637 1349; x_wconf 84' lang='lat' dir='ltr'><strong>familiarum</strong></span> <span class='ocrx_word' id='word_1_88' title='bbox 665 1283 899 1350; x_wconf 87' lang='lat' dir='ltr'><strong>commentariis</strong></span> <span class='ocrx_word' id='word_1_89' title='bbox 925 1283 1070 1348; x_wconf 82' lang='lat' dir='ltr'><strong>hausisse</strong></span> <span class='ocrx_word' id='word_1_90' title='bbox 1098 1283 1275 1368; x_wconf 77' lang='lat' dir='ltr'><strong>colligitur3</strong></span> 
     </span>
     <span class='ocr_line' id='line_1_12' title="bbox 162 1369 1276 1452; baseline -0.001 -17"><span class='ocrx_word' id='word_1_91' title='bbox 162 1389 221 1435; x_wconf 89' lang='lat' dir='ltr'><strong>nec</strong></span> <span class='ocrx_word' id='word_1_92' title='bbox 242 1369 368 1452; x_wconf 88' lang='lat' dir='ltr'><strong>publica</strong></span> <span class='ocrx_word' id='word_1_93' title='bbox 393 1387 476 1450; x_wconf 88' lang='lat' dir='ltr'><strong>quae</strong></span> <span class='ocrx_word' id='word_1_94' title='bbox 498 1373 661 1434; x_wconf 88' lang='lat' dir='ltr'><strong>exstarent</strong></span> <span class='ocrx_word' id='word_1_95' title='bbox 682 1377 888 1434; x_wconf 86' lang='lat' dir='ltr'><strong>monumenta</strong></span> <span class='ocrx_word' id='word_1_96' title='bbox 908 1387 982 1432; x_wconf 90' lang='lat' dir='ltr'><strong>eum</strong></span> <span class='ocrx_word' id='word_1_97' title='bbox 1008 1369 1189 1451; x_wconf 82' lang='lat' dir='ltr'><strong>neglexisse</strong></span> <span class='ocrx_word' id='word_1_98' title='bbox 1209 1389 1276 1434; x_wconf 57' lang='lat' dir='ltr'><strong>crea</strong></span> 
     </span>
     <span class='ocr_line' id='line_1_13' title="bbox 163 1453 1277 1538; baseline 0.001 -19"><span class='ocrx_word' id='word_1_99' title='bbox 163 1454 258 1520; x_wconf 87' lang='lat' dir='ltr'><strong>dibile</strong></span> <span class='ocrx_word' id='word_1_100' title='bbox 281 1461 337 1519; x_wconf 90' lang='lat' dir='ltr'><strong>est.</strong></span> <span class='ocrx_word' id='word_1_101' title='bbox 380 1454 438 1538; x_wconf 88' lang='lat' dir='ltr'><strong>At,</strong></span> <span class='ocrx_word' id='word_1_102' title='bbox 470 1453 585 1518; x_wconf 81' lang='lat' dir='ltr'><strong>dixerit</strong></span> <span class='ocrx_word' id='word_1_103' title='bbox 606 1455 778 1537; x_wconf 84' lang='lat' dir='ltr'><strong>quispiam,</strong></span> <span class='ocrx_word' id='word_1_104' title='bbox 814 1453 848 1517; x_wconf 95' lang='lat' dir='ltr'><strong>hi</strong></span> <span class='ocrx_word' id='word_1_105' title='bbox 872 1460 981 1518; x_wconf 66' lang='lat' dir='ltr'><strong>mmen</strong></span> <span class='ocrx_word' id='word_1_106' title='bbox 1008 1473 1118 1519; x_wconf 89' lang='lat' dir='ltr'><strong>omnes</strong></span> <span class='ocrx_word' id='word_1_107' title='bbox 1137 1456 1277 1521; x_wconf 87' lang='lat' dir='ltr'><strong>Romani</strong></span> 
     </span>
     <span class='ocr_line' id='line_1_14' title="bbox 165 1537 1277 1622; baseline 0.001 -18"><span class='ocrx_word' id='word_1_108' title='bbox 165 1539 299 1622; x_wconf 78' lang='lat' dir='ltr'><strong>iuuerunt,</strong></span> <span class='ocrx_word' id='word_1_109' title='bbox 322 1538 429 1620; x_wconf 90' lang='lat' dir='ltr'><strong>itaque</strong></span> <span class='ocrx_word' id='word_1_110' title='bbox 449 1537 518 1602; x_wconf 85' lang='lat' dir='ltr'><strong>fieri</strong></span> <span class='ocrx_word' id='word_1_111' title='bbox 537 1557 641 1620; x_wconf 89' lang='lat' dir='ltr'><strong>paene</strong></span> <span class='ocrx_word' id='word_1_112' title='bbox 663 1539 799 1604; x_wconf 89' lang='lat' dir='ltr'><strong>debebat</strong></span> <span class='ocrx_word' id='word_1_113' title='bbox 818 1545 853 1602; x_wconf 90' lang='lat' dir='ltr'><strong>ut</strong></span> <span class='ocrx_word' id='word_1_114' title='bbox 874 1538 923 1604; x_wconf 89' lang='lat' dir='ltr'><strong>his</strong></span> <span class='ocrx_word' id='word_1_115' title='bbox 945 1557 1134 1620; x_wconf 86' lang='lat' dir='ltr'><strong>quacunque</strong></span> <span class='ocrx_word' id='word_1_116' title='bbox 1154 1539 1277 1606; x_wconf 89' lang='lat' dir='ltr'><strong>ratione</strong></span> 
     </span>
     <span class='ocr_line' id='line_1_15' title="bbox 166 1622 1280 1706; baseline 0.001 -17"><span class='ocrx_word' id='word_1_117' title='bbox 166 1623 260 1689; x_wconf 82' lang='lat' dir='ltr'><strong>nimis</strong></span> <span class='ocrx_word' id='word_1_118' title='bbox 281 1625 410 1689; x_wconf 80' lang='lat' dir='ltr'><strong>faveret</strong></span> <span class='ocrx_word' id='word_1_119' title='bbox 455 1622 558 1702; x_wconf 83' lang='lat' dir='ltr'><strong>Quod,</strong></span> <span class='ocrx_word' id='word_1_120' title='bbox 580 1641 763 1704; x_wconf 86' lang='lat' dir='ltr'><strong>quanquam</strong></span> <span class='ocrx_word' id='word_1_121' title='bbox 786 1642 847 1706; x_wconf 87' lang='lat' dir='ltr'><strong>ego</strong></span> <span class='ocrx_word' id='word_1_122' title='bbox 870 1640 996 1704; x_wconf 91' lang='lat' dir='ltr'><strong>quoque</strong></span> <span class='ocrx_word' id='word_1_123' title='bbox 1022 1624 1145 1706; x_wconf 87' lang='lat' dir='ltr'><strong>patriae</strong></span> <span class='ocrx_word' id='word_1_124' title='bbox 1170 1643 1280 1690; x_wconf 87' lang='lat' dir='ltr'><strong>amore</strong></span> 
     </span>
     <span class='ocr_line' id='line_1_16' title="bbox 166 1707 1279 1776; baseline 0 -2"><span class='ocrx_word' id='word_1_125' title='bbox 166 1715 281 1774; x_wconf 86' lang='lat' dir='ltr'><strong>natura</strong></span> <span class='ocrx_word' id='word_1_126' title='bbox 302 1708 396 1774; x_wconf 88' lang='lat' dir='ltr'><strong>insito</strong></span> <span class='ocrx_word' id='word_1_127' title='bbox 418 1707 470 1773; x_wconf 92' lang='lat' dir='ltr'><strong>hic</strong></span> <span class='ocrx_word' id='word_1_128' title='bbox 488 1707 551 1772; x_wconf 88' lang='lat' dir='ltr'><strong>illic</strong></span> <span class='ocrx_word' id='word_1_129' title='bbox 571 1707 707 1773; x_wconf 88' lang='lat' dir='ltr'><strong>fortasse</strong></span> <span class='ocrx_word' id='word_1_130' title='bbox 726 1708 760 1772; x_wconf 91' lang='lat' dir='ltr'><strong>in</strong></span> <span class='ocrx_word' id='word_1_131' title='bbox 780 1708 940 1772; x_wconf 84' lang='lat' dir='ltr'><strong>narrando</strong></span> <span class='ocrx_word' id='word_1_132' title='bbox 963 1726 1035 1772; x_wconf 91' lang='lat' dir='ltr'><strong>eum</strong></span> <span class='ocrx_word' id='word_1_133' title='bbox 1051 1709 1178 1774; x_wconf 90' lang='lat' dir='ltr'><strong>ductum</strong></span> <span class='ocrx_word' id='word_1_134' title='bbox 1191 1730 1279 1776; x_wconf 89' lang='lat' dir='ltr'><strong>com·</strong></span> 
     </span>
     <span class='ocr_line' id='line_1_17' title="bbox 168 1793 1279 1877; baseline 0.001 -18"><span class='ocrx_word' id='word_1_135' title='bbox 168 1801 352 1875; x_wconf 89' lang='lat' dir='ltr'><strong>motumque</strong></span> <span class='ocrx_word' id='word_1_136' title='bbox 376 1793 472 1858; x_wconf 78' lang='lat' dir='ltr'><strong>tuisse</strong></span> <span class='ocrx_word' id='word_1_137' title='bbox 493 1811 557 1858; x_wconf 89' lang='lat' dir='ltr'><strong>non</strong></span> <span class='ocrx_word' id='word_1_138' title='bbox 579 1811 671 1877; x_wconf 89' lang='lat' dir='ltr'><strong>nego,</strong></span> <span class='ocrx_word' id='word_1_139' title='bbox 694 1799 802 1860; x_wconf 86' lang='lat' dir='ltr'><strong>tamen</strong></span> <span class='ocrx_word' id='word_1_140' title='bbox 816 1813 857 1858; x_wconf 87' lang='lat' dir='ltr'><strong>ue</strong></span> <span class='ocrx_word' id='word_1_141' title='bbox 868 1793 972 1858; x_wconf 90' lang='lat' dir='ltr'><strong>dicam</strong></span> <span class='ocrx_word' id='word_1_142' title='bbox 989 1795 1116 1858; x_wconf 90' lang='lat' dir='ltr'><strong>omnino</strong></span> <span class='ocrx_word' id='word_1_143' title='bbox 1132 1815 1196 1860; x_wconf 92' lang='lat' dir='ltr'><strong>non</strong></span> <span class='ocrx_word' id='word_1_144' title='bbox 1209 1815 1279 1860; x_wconf 88' lang='lat' dir='ltr'><strong>esse</strong></span> 
     </span>
     <span class='ocr_line' id='line_1_18' title="bbox 167 1877 1278 1964; baseline 0.001 -21"><span class='ocrx_word' id='word_1_145' title='bbox 167 1879 295 1964; x_wconf 89' lang='lat' dir='ltr'><strong>factum,</strong></span> <span class='ocrx_word' id='word_1_146' title='bbox 317 1878 374 1944; x_wconf 91' lang='lat' dir='ltr'><strong>sed</strong></span> <span class='ocrx_word' id='word_1_147' title='bbox 391 1879 452 1943; x_wconf 90' lang='lat' dir='ltr'><strong>hoc</strong></span> <span class='ocrx_word' id='word_1_148' title='bbox 463 1885 547 1943; x_wconf 88' lang='lat' dir='ltr'><strong>certe</strong></span> <span class='ocrx_word' id='word_1_149' title='bbox 558 1886 747 1960; x_wconf 90' lang='lat' dir='ltr'><strong>argumento</strong></span> <span class='ocrx_word' id='word_1_150' title='bbox 767 1877 976 1944; x_wconf 87' lang='lat' dir='ltr'><strong>demonstrari</strong></span> <span class='ocrx_word' id='word_1_151' title='bbox 995 1897 1058 1943; x_wconf 91' lang='lat' dir='ltr'><strong>non</strong></span> <span class='ocrx_word' id='word_1_152' title='bbox 1077 1879 1159 1946; x_wconf 88' lang='lat' dir='ltr'><strong>licet.</strong></span> <span class='ocrx_word' id='word_1_153' title='bbox 1179 1881 1278 1946; x_wconf 87' lang='lat' dir='ltr'><strong>Nam-</strong></span> 
     </span>
     <span class='ocr_line' id='line_1_19' title="bbox 167 1962 1277 2047; baseline 0.003 -19"><span class='ocrx_word' id='word_1_154' title='bbox 167 1983 229 2046; x_wconf 91' lang='lat' dir='ltr'><strong>que</strong></span> <span class='ocrx_word' id='word_1_155' title='bbox 250 1973 282 2028; x_wconf 90' lang='lat' dir='ltr'><strong>et</strong></span> <span class='ocrx_word' id='word_1_156' title='bbox 303 1963 419 2028; x_wconf 76' lang='lat' dir='ltr'><strong>dherte</strong></span> <span class='ocrx_word' id='word_1_157' title='bbox 442 1981 460 2027; x_wconf 88' lang='lat' dir='ltr'><strong>e</strong></span> <span class='ocrx_word' id='word_1_158' title='bbox 482 1963 618 2046; x_wconf 78' lang='lat' dir='ltr'><strong>Sileni1)</strong></span> <span class='ocrx_word' id='word_1_159' title='bbox 642 1983 738 2047; x_wconf 88' lang='lat' dir='ltr'><strong>opere</strong></span> <span class='ocrx_word' id='word_1_160' title='bbox 756 1964 902 2030; x_wconf 87' lang='lat' dir='ltr'><strong>hausisse</strong></span> <span class='ocrx_word' id='word_1_161' title='bbox 912 1962 1055 2042; x_wconf 87' lang='lat' dir='ltr'><strong>traditur,</strong></span> <span class='ocrx_word' id='word_1_162' title='bbox 1074 1965 1127 2045; x_wconf 94' lang='lat' dir='ltr'><strong>qui</strong></span> <span class='ocrx_word' id='word_1_163' title='bbox 1140 1964 1277 2046; x_wconf 88' lang='lat' dir='ltr'><strong>quidem,</strong></span> 
     </span>
     <span class='ocr_line' id='line_1_20' title="bbox 167 2047 1277 2132; baseline 0 -18"><span class='ocrx_word' id='word_1_164' title='bbox 167 2049 310 2129; x_wconf 82' lang='lat' dir='ltr'><strong>aequalis</strong></span> <span class='ocrx_word' id='word_1_165' title='bbox 331 2069 369 2112; x_wconf 88' lang='lat' dir='ltr'><strong>ac</strong></span> <span class='ocrx_word' id='word_1_166' title='bbox 391 2066 497 2114; x_wconf 88' lang='lat' dir='ltr'><strong>comes</strong></span> <span class='ocrx_word' id='word_1_167' title='bbox 518 2049 724 2132; x_wconf 86' lang='lat' dir='ltr'><strong>Hannibalis,</strong></span> <span class='ocrx_word' id='word_1_168' title='bbox 760 2048 999 2132; x_wconf 88' lang='lat' dir='ltr'><strong>diligentissime</strong></span> <span class='ocrx_word' id='word_1_169' title='bbox 1028 2047 1096 2114; x_wconf 90' lang='lat' dir='ltr'><strong>eius</strong></span> <span class='ocrx_word' id='word_1_170' title='bbox 1126 2069 1176 2116; x_wconf 90' lang='lat' dir='ltr'><strong>res</strong></span> <span class='ocrx_word' id='word_1_171' title='bbox 1194 2051 1277 2116; x_wconf 87' lang='lat' dir='ltr'><strong>scri-</strong></span> 
     </span>
     <span class='ocr_line' id='line_1_21' title="bbox 166 2132 1277 2220; baseline 0.001 -21"><span class='ocrx_word' id='word_1_172' title='bbox 166 2134 282 2218; x_wconf 87' lang='lat' dir='ltr'><strong>psisset</strong></span> <span class='ocrx_word' id='word_1_173' title='bbox 295 2133 407 2213; x_wconf 86' lang='lat' dir='ltr'><strong>itaque</strong></span> <span class='ocrx_word' id='word_1_174' title='bbox 421 2132 513 2212; x_wconf 91' lang='lat' dir='ltr'><strong>quasi</strong></span> <span class='ocrx_word' id='word_1_175' title='bbox 525 2133 695 2197; x_wconf 87' lang='lat' dir='ltr'><strong>alterarum</strong></span> <span class='ocrx_word' id='word_1_176' title='bbox 708 2134 845 2216; x_wconf 87' lang='lat' dir='ltr'><strong>partium</strong></span> <span class='ocrx_word' id='word_1_177' title='bbox 865 2152 979 2198; x_wconf 83' lang='lat' dir='ltr'><strong>causas</strong></span> <span class='ocrx_word' id='word_1_178' title='bbox 1000 2132 1087 2217; x_wconf 90' lang='lat' dir='ltr'><strong>apud</strong></span> <span class='ocrx_word' id='word_1_179' title='bbox 1108 2153 1143 2200; x_wconf 88' lang='lat' dir='ltr'><strong>se</strong></span> <span class='ocrx_word' id='word_1_180' title='bbox 1158 2142 1277 2220; x_wconf 86' lang='lat' dir='ltr'><strong>agerat,</strong></span> 
     </span>
     <span class='ocr_line' id='line_1_22' title="bbox 166 2216 1277 2302; baseline -0.001 -17"><span class='ocrx_word' id='word_1_181' title='bbox 166 2219 254 2285; x_wconf 90' lang='lat' dir='ltr'><strong>cuius</strong></span> <span class='ocrx_word' id='word_1_182' title='bbox 284 2217 379 2282; x_wconf 87' lang='lat' dir='ltr'><strong>etiarn</strong></span> <span class='ocrx_word' id='word_1_183' title='bbox 409 2216 462 2282; x_wconf 93' lang='lat' dir='ltr'><strong>ubi</strong></span> <span class='ocrx_word' id='word_1_184' title='bbox 491 2237 608 2283; x_wconf 88' lang='lat' dir='ltr'><strong>nomen</strong></span> <span class='ocrx_word' id='word_1_185' title='bbox 634 2219 777 2283; x_wconf 90' lang='lat' dir='ltr'><strong>additum</strong></span> <span class='ocrx_word' id='word_1_186' title='bbox 805 2239 869 2284; x_wconf 92' lang='lat' dir='ltr'><strong>non</strong></span> <span class='ocrx_word' id='word_1_187' title='bbox 898 2221 939 2284; x_wconf 88' lang='lat' dir='ltr'><strong>sit</strong></span> <span class='ocrx_word' id='word_1_188' title='bbox 961 2217 1097 2302; x_wconf 87' lang='lat' dir='ltr'><strong>vestigia</strong></span> <span class='ocrx_word' id='word_1_189' title='bbox 1118 2220 1277 2300; x_wconf 85' lang='lat' dir='ltr'><strong>quaedam</strong></span> 
     </span>
     <span class='ocr_line' id='line_1_23' title="bbox 165 2302 1277 2386; baseline 0.003 -17"><span class='ocrx_word' id='word_1_190' title='bbox 165 2304 197 2368; x_wconf 91' lang='lat' dir='ltr'><strong>in</strong></span> <span class='ocrx_word' id='word_1_191' title='bbox 220 2302 320 2369; x_wconf 79' lang='lat' dir='ltr'><strong>(laelii</strong></span> <span class='ocrx_word' id='word_1_192' title='bbox 340 2303 526 2385; x_wconf 77' lang='lat' dir='ltr'><strong>fragmentis</strong></span> <span class='ocrx_word' id='word_1_193' title='bbox 547 2303 725 2369; x_wconf 86' lang='lat' dir='ltr'><strong>invenimus</strong></span> <span class='ocrx_word' id='word_1_194' title='bbox 755 2304 804 2383; x_wconf 81' lang='lat' dir='ltr'><strong>(cf.</strong></span> <span class='ocrx_word' id='word_1_195' title='bbox 827 2302 970 2386; x_wconf 86' lang='lat' dir='ltr'><strong>Bujack,</strong></span> <span class='ocrx_word' id='word_1_196' title='bbox 1003 2303 1045 2368; x_wconf 84' lang='lat' dir='ltr'><strong>ds</strong></span> <span class='ocrx_word' id='word_1_197' title='bbox 1067 2303 1176 2371; x_wconf 82' lang='lat' dir='ltr'><strong>Sileno</strong></span> <span class='ocrx_word' id='word_1_198' title='bbox 1202 2307 1277 2372; x_wconf 91' lang='lat' dir='ltr'><strong>scri·</strong></span> 
     </span>
     <span class='ocr_line' id='line_1_24' title="bbox 165 2387 1276 2474; baseline 0.002 -20"><span class='ocrx_word' id='word_1_199' title='bbox 165 2403 255 2473; x_wconf 86' lang='lat' dir='ltr'><strong>prore</strong></span> <span class='ocrx_word' id='word_1_200' title='bbox 268 2387 464 2472; x_wconf 85' lang='lat' dir='ltr'><strong>Hannibalis,</strong></span> <span class='ocrx_word' id='word_1_201' title='bbox 485 2388 794 2474; x_wconf 79' lang='lat' dir='ltr'><strong>Regimont.1859);</strong></span> <span class='ocrx_word' id='word_1_202' title='bbox 817 2397 848 2454; x_wconf 91' lang='lat' dir='ltr'><strong>et</strong></span> <span class='ocrx_word' id='word_1_203' title='bbox 863 2389 968 2454; x_wconf 87' lang='lat' dir='ltr'><strong>adhuc</strong></span> <span class='ocrx_word' id='word_1_204' title='bbox 980 2390 1160 2472; x_wconf 86' lang='lat' dir='ltr'><strong>fragmenta</strong></span> <span class='ocrx_word' id='word_1_205' title='bbox 1182 2410 1276 2472; x_wconf 76' lang='lat' dir='ltr'><strong>quae</strong></span> 
     </span>
     <span class='ocr_line' id='line_1_25' title="bbox 168 2472 1277 2558; baseline 0.003 -20"><span class='ocrx_word' id='word_1_206' title='bbox 168 2475 243 2538; x_wconf 86' lang='lat' dir='ltr'><strong>dam</strong></span> <span class='ocrx_word' id='word_1_207' title='bbox 262 2473 296 2538; x_wconf 92' lang='lat' dir='ltr'><strong>in</strong></span> <span class='ocrx_word' id='word_1_208' title='bbox 317 2474 410 2537; x_wconf 88' lang='lat' dir='ltr'><strong>rebus</strong></span> <span class='ocrx_word' id='word_1_209' title='bbox 431 2472 533 2537; x_wconf 87' lang='lat' dir='ltr'><strong>dubiis</strong></span> <span class='ocrx_word' id='word_1_210' title='bbox 555 2493 628 2538; x_wconf 90' lang='lat' dir='ltr'><strong>eum</strong></span> <span class='ocrx_word' id='word_1_211' title='bbox 652 2492 717 2539; x_wconf 90' lang='lat' dir='ltr'><strong>non</strong></span> <span class='ocrx_word' id='word_1_212' title='bbox 735 2475 780 2539; x_wconf 88' lang='lat' dir='ltr'><strong>sic</strong></span> <span class='ocrx_word' id='word_1_213' title='bbox 801 2481 919 2538; x_wconf 87' lang='lat' dir='ltr'><strong>temere</strong></span> <span class='ocrx_word' id='word_1_214' title='bbox 942 2473 1115 2558; x_wconf 89' lang='lat' dir='ltr'><strong>iudicasse,</strong></span> <span class='ocrx_word' id='word_1_215' title='bbox 1139 2477 1197 2540; x_wconf 90' lang='lat' dir='ltr'><strong>sed</strong></span> <span class='ocrx_word' id='word_1_216' title='bbox 1218 2477 1277 2541; x_wconf 90' lang='lat' dir='ltr'><strong>cri-</strong></span> 
     </span>
     <span class='ocr_line' id='line_1_26' title="bbox 168 2557 1277 2644; baseline 0.002 -20"><span class='ocrx_word' id='word_1_217' title='bbox 168 2559 231 2624; x_wconf 89' lang='lat' dir='ltr'><strong>tica</strong></span> <span class='ocrx_word' id='word_1_218' title='bbox 254 2565 322 2622; x_wconf 86' lang='lat' dir='ltr'><strong>arte</strong></span> <span class='ocrx_word' id='word_1_219' title='bbox 342 2557 484 2623; x_wconf 89' lang='lat' dir='ltr'><strong>adhibita</strong></span> <span class='ocrx_word' id='word_1_220' title='bbox 504 2575 587 2638; x_wconf 89' lang='lat' dir='ltr'><strong>quae</strong></span> <span class='ocrx_word' id='word_1_221' title='bbox 608 2558 753 2625; x_wconf 89' lang='lat' dir='ltr'><strong>omnibus</strong></span> <span class='ocrx_word' id='word_1_222' title='bbox 771 2558 945 2624; x_wconf 86' lang='lat' dir='ltr'><strong>rationibus</strong></span> <span class='ocrx_word' id='word_1_223' title='bbox 963 2558 1130 2641; x_wconf 83' lang='lat' dir='ltr'><strong>diligenter</strong></span> <span class='ocrx_word' id='word_1_224' title='bbox 1144 2579 1277 2644; x_wconf 83' lang='lat' dir='ltr'><strong>perpen-</strong></span> 
     </span>
     <span class='ocr_line' id='line_1_27' title="bbox 169 2642 1279 2728; baseline 0.002 -18"><span class='ocrx_word' id='word_1_225' title='bbox 169 2643 212 2711; x_wconf 89' lang='lat' dir='ltr'><strong>sis</strong></span> <span class='ocrx_word' id='word_1_226' title='bbox 251 2661 330 2707; x_wconf 84' lang='lat' dir='ltr'><strong>vera</strong></span> <span class='ocrx_word' id='word_1_227' title='bbox 363 2642 423 2708; x_wconf 90' lang='lat' dir='ltr'><strong>sibi</strong></span> <span class='ocrx_word' id='word_1_228' title='bbox 455 2642 636 2708; x_wconf 80' lang='lat' dir='ltr'><strong>viderentur</strong></span> <span class='ocrx_word' id='word_1_229' title='bbox 672 2645 876 2728; x_wconf 90' lang='lat' dir='ltr'><strong>proposuisse</strong></span> <span class='ocrx_word' id='word_1_230' title='bbox 908 2650 1018 2726; x_wconf 88' lang='lat' dir='ltr'><strong>aperte</strong></span> <span class='ocrx_word' id='word_1_231' title='bbox 1052 2645 1279 2714; x_wconf 86' lang='lat' dir='ltr'><strong>demonstrant.</strong></span> 
     </span>
     <span class='ocr_line' id='line_1_28' title="bbox 168 2729 1278 2815; baseline 0.003 -21"><span class='ocrx_word' id='word_1_232' title='bbox 168 2731 315 2809; x_wconf 86' lang='lat' dir='ltr'><strong>Namque</strong></span> <span class='ocrx_word' id='word_1_233' title='bbox 336 2747 378 2792; x_wconf 89' lang='lat' dir='ltr'><strong>ne</strong></span> <span class='ocrx_word' id='word_1_234' title='bbox 398 2735 540 2811; x_wconf 86' lang='lat' dir='ltr'><strong>repetam</strong></span> <span class='ocrx_word' id='word_1_235' title='bbox 562 2747 602 2794; x_wconf 90' lang='lat' dir='ltr'><strong>ea</strong></span> <span class='ocrx_word' id='word_1_236' title='bbox 623 2747 706 2810; x_wconf 88' lang='lat' dir='ltr'><strong>quae</strong></span> <span class='ocrx_word' id='word_1_237' title='bbox 728 2749 825 2813; x_wconf 91' lang='lat' dir='ltr'><strong>supra</strong></span> <span class='ocrx_word' id='word_1_238' title='bbox 845 2729 888 2793; x_wconf 92' lang='lat' dir='ltr'><strong>ad</strong></span> <span class='ocrx_word' id='word_1_239' title='bbox 908 2729 1021 2811; x_wconf 82' lang='lat' dir='ltr'><strong>fragm.</strong></span> <span class='ocrx_word' id='word_1_240' title='bbox 1043 2729 1093 2796; x_wconf 79' lang='lat'><strong>52.</strong></span> <span class='ocrx_word' id='word_1_241' title='bbox 1113 2729 1195 2815; x_wconf 84' lang='lat' dir='ltr'><strong>dixi,</strong></span> <span class='ocrx_word' id='word_1_242' title='bbox 1219 2749 1278 2797; x_wconf 89' lang='lat' dir='ltr'><strong>nec</strong></span> 
     </span>
     <span class='ocr_line' id='line_1_29' title="bbox 170 2812 1282 2898; baseline 0.003 -21"><span class='ocrx_word' id='word_1_243' title='bbox 170 2814 275 2897; x_wconf 88' lang='lat' dir='ltr'><strong>ipsum</strong></span> <span class='ocrx_word' id='word_1_244' title='bbox 298 2812 358 2877; x_wconf 90' lang='lat' dir='ltr'><strong>hoc</strong></span> <span class='ocrx_word' id='word_1_245' title='bbox 379 2812 606 2896; x_wconf 87' lang='lat' dir='ltr'><strong>negligendum</strong></span> <span class='ocrx_word' id='word_1_246' title='bbox 628 2821 688 2898; x_wconf 89' lang='lat' dir='ltr'><strong>est,</strong></span> <span class='ocrx_word' id='word_1_247' title='bbox 723 2815 807 2895; x_wconf 91' lang='lat' dir='ltr'><strong>quod</strong></span> <span class='ocrx_word' id='word_1_248' title='bbox 836 2815 982 2896; x_wconf 81' lang='lat' dir='ltr'><strong>quamvis</strong></span> <span class='ocrx_word' id='word_1_249' title='bbox 1001 2815 1167 2881; x_wconf 87' lang='lat' dir='ltr'><strong>Romanus</strong></span> <span class='ocrx_word' id='word_1_250' title='bbox 1194 2819 1282 2882; x_wconf 88' lang='lat' dir='ltr'><strong>esset</strong></span> 
     </span>
     <span class='ocr_line' id='line_1_30' title="bbox 171 2898 1279 2987; baseline 0.003 -24"><span class='ocrx_word' id='word_1_251' title='bbox 171 2905 203 2963; x_wconf 91' lang='lat' dir='ltr'><strong>et</strong></span> <span class='ocrx_word' id='word_1_252' title='bbox 224 2917 296 2963; x_wconf 92' lang='lat' dir='ltr'><strong>cum</strong></span> <span class='ocrx_word' id='word_1_253' title='bbox 320 2917 359 2962; x_wconf 90' lang='lat' dir='ltr'><strong>ea</strong></span> <span class='ocrx_word' id='word_1_254' title='bbox 380 2909 475 2980; x_wconf 85' lang='lat' dir='ltr'><strong>gente</strong></span> <span class='ocrx_word' id='word_1_255' title='bbox 490 2899 541 2961; x_wconf 88' lang='lat' dir='ltr'><strong>vel</strong></span> <span class='ocrx_word' id='word_1_256' title='bbox 562 2898 667 2978; x_wconf 87' lang='lat' dir='ltr'><strong>aliquo</strong></span> <span class='ocrx_word' id='word_1_257' title='bbox 689 2900 783 2965; x_wconf 93' lang='lat' dir='ltr'><strong>modo</strong></span> <span class='ocrx_word' id='word_1_258' title='bbox 804 2899 988 2964; x_wconf 90' lang='lat' dir='ltr'><strong>coniunctus</strong></span> <span class='ocrx_word' id='word_1_259' title='bbox 1009 2899 1106 2966; x_wconf 86' lang='lat' dir='ltr'><strong>fuisse</strong></span> <span class='ocrx_word' id='word_1_260' title='bbox 1126 2901 1279 2987; x_wconf 80' lang='lat' dir='ltr'><strong>videatur,</strong></span> 
     </span>
     <span class='ocr_line' id='line_1_31' title="bbox 171 2981 1279 3066; baseline 0.005 -19"><span class='ocrx_word' id='word_1_261' title='bbox 171 2991 278 3048; x_wconf 89' lang='lat' dir='ltr'><strong>tamen</strong></span> <span class='ocrx_word' id='word_1_262' title='bbox 299 2984 333 3048; x_wconf 90' lang='lat' dir='ltr'><strong>P.</strong></span> <span class='ocrx_word' id='word_1_263' title='bbox 359 2981 514 3064; x_wconf 81' lang='lat' dir='ltr'><strong>Scipionis</strong></span> <span class='ocrx_word' id='word_1_264' title='bbox 541 2982 574 3046; x_wconf 90' lang='lat' dir='ltr'><strong>in</strong></span> <span class='ocrx_word' id='word_1_265' title='bbox 595 2983 715 3066; x_wconf 90' lang='lat' dir='ltr'><strong>proelio</strong></span> <span class='ocrx_word' id='word_1_266' title='bbox 738 2984 781 3049; x_wconf 89' lang='lat' dir='ltr'><strong>ad</strong></span> <span class='ocrx_word' id='word_1_267' title='bbox 793 2983 937 3048; x_wconf 83' lang='lat' dir='ltr'><strong>Ticinum</strong></span> <span class='ocrx_word' id='word_1_268' title='bbox 958 2984 1075 3050; x_wconf 88' lang='lat' dir='ltr'><strong>servati</strong></span> <span class='ocrx_word' id='word_1_269' title='bbox 1097 2985 1193 3050; x_wconf 87' lang='lat' dir='ltr'><strong>decus</strong></span> <span class='ocrx_word' id='word_1_270' title='bbox 1214 3007 1279 3052; x_wconf 92' lang='lat' dir='ltr'><strong>non</strong></span> 
     </span>
     <span class='ocr_line' id='line_1_32' title="bbox 171 3067 1279 3154; baseline 0.002 -20"><span class='ocrx_word' id='word_1_271' title='bbox 171 3068 213 3134; x_wconf 83' lang='lat' dir='ltr'><strong>ad</strong></span> <span class='ocrx_word' id='word_1_272' title='bbox 233 3068 350 3152; x_wconf 86' lang='lat' dir='ltr'><strong>fdium,</strong></span> <span class='ocrx_word' id='word_1_273' title='bbox 376 3067 461 3148; x_wconf 91' lang='lat' dir='ltr'><strong>quod</strong></span> <span class='ocrx_word' id='word_1_274' title='bbox 481 3067 592 3149; x_wconf 90' lang='lat' dir='ltr'><strong>reliqui</strong></span> <span class='ocrx_word' id='word_1_275' title='bbox 613 3088 722 3134; x_wconf 87' lang='lat' dir='ltr'><strong>omnes</strong></span> <span class='ocrx_word' id='word_1_276' title='bbox 744 3068 907 3153; x_wconf 84' lang='lat' dir='ltr'><strong>fecissent,</strong></span> <span class='ocrx_word' id='word_1_277' title='bbox 935 3068 993 3133; x_wconf 89' lang='lat' dir='ltr'><strong>sed</strong></span> <span class='ocrx_word' id='word_1_278' title='bbox 1014 3068 1056 3134; x_wconf 86' lang='lat' dir='ltr'><strong>ad</strong></span> <span class='ocrx_word' id='word_1_279' title='bbox 1077 3071 1279 3154; x_wconf 86' lang='lat' dir='ltr'><strong>peregrinum</strong></span> 
     </span>
     <span class='ocr_line' id='line_1_33' title="bbox 172 3151 1280 3241; baseline 0.003 -22"><span class='ocrx_word' id='word_1_280' title='bbox 172 3155 331 3235; x_wconf 91' lang='lat' dir='ltr'><strong>quendam</strong></span> <span class='ocrx_word' id='word_1_281' title='bbox 359 3151 518 3217; x_wconf 89' lang='lat' dir='ltr'><strong>hominem</strong></span> <span class='ocrx_word' id='word_1_282' title='bbox 548 3173 682 3235; x_wconf 90' lang='lat' dir='ltr'><strong>eumque</strong></span> <span class='ocrx_word' id='word_1_283' title='bbox 709 3153 882 3219; x_wconf 89' lang='lat' dir='ltr'><strong>humillimo</strong></span> <span class='ocrx_word' id='word_1_284' title='bbox 912 3153 982 3219; x_wconf 91' lang='lat' dir='ltr'><strong>loco</strong></span> <span class='ocrx_word' id='word_1_285' title='bbox 1012 3162 1138 3236; x_wconf 88' lang='lat' dir='ltr'><strong>natum,</strong></span> <span class='ocrx_word' id='word_1_286' title='bbox 1171 3164 1280 3241; x_wconf 88' lang='lat' dir='ltr'><strong>utpote</strong></span> 
     </span>
     <span class='ocr_line' id='line_1_34' title="bbox 173 3237 1279 3326; baseline 0.004 -22"><span class='ocrx_word' id='word_1_287' title='bbox 173 3240 259 3320; x_wconf 91' lang='lat' dir='ltr'><strong>quod</strong></span> <span class='ocrx_word' id='word_1_288' title='bbox 279 3237 384 3304; x_wconf 82' lang='lat' dir='ltr'><strong>verius</strong></span> <span class='ocrx_word' id='word_1_289' title='bbox 406 3256 476 3303; x_wconf 87' lang='lat' dir='ltr'><strong>csse</strong></span> <span class='ocrx_word' id='word_1_290' title='bbox 497 3258 685 3322; x_wconf 87' lang='lat' dir='ltr'><strong>persuasum</strong></span> <span class='ocrx_word' id='word_1_291' title='bbox 708 3240 845 3323; x_wconf 83' lang='lat' dir='ltr'><strong>haberet,</strong></span> <span class='ocrx_word' id='word_1_292' title='bbox 870 3239 1033 3322; x_wconf 86' lang='lat' dir='ltr'><strong>delegavit</strong></span> <span class='ocrx_word' id='word_1_293' title='bbox 1059 3239 1187 3323; x_wconf 77' lang='lat' dir='ltr'><strong>(fragm.</strong></span> <span class='ocrx_word' id='word_1_294' title='bbox 1208 3243 1279 3326; x_wconf 84' lang='lat'>48);</span> 
     </span>
     <span class='ocr_line' id='line_1_35' title="bbox 174 3324 1282 3411; baseline 0.002 -23"><span class='ocrx_word' id='word_1_295' title='bbox 174 3332 206 3388; x_wconf 91' lang='lat' dir='ltr'><strong>et</strong></span> <span class='ocrx_word' id='word_1_296' title='bbox 225 3324 293 3388; x_wconf 87' lang='lat' dir='ltr'><strong>iure</strong></span> <span class='ocrx_word' id='word_1_297' title='bbox 313 3325 421 3389; x_wconf 86' lang='lat' dir='ltr'><strong>Nauta</strong></span> <span class='ocrx_word' id='word_1_298' title='bbox 441 3342 493 3406; x_wconf 90' lang='lat' dir='ltr'><strong>pg.</strong></span> <span class='ocrx_word' id='word_1_299' title='bbox 518 3325 566 3391; x_wconf 89' lang='grc'><strong>16.</strong></span> <span class='ocrx_word' id='word_1_300' title='bbox 589 3345 661 3389; x_wconf 91' lang='lat' dir='ltr'><strong>cum</strong></span> <span class='ocrx_word' id='word_1_301' title='bbox 682 3325 722 3389; x_wconf 91' lang='lat' dir='ltr'><strong>de</strong></span> <span class='ocrx_word' id='word_1_302' title='bbox 742 3325 805 3389; x_wconf 88' lang='lat' dir='ltr'><strong>fide</strong></span> <span class='ocrx_word' id='word_1_303' title='bbox 819 3324 927 3390; x_wconf 80' lang='lat' dir='ltr'><strong>Coelio</strong></span> <span class='ocrx_word' id='word_1_304' title='bbox 939 3325 1087 3390; x_wconf 86' lang='lat' dir='ltr'><strong>habenda</strong></span> <span class='ocrx_word' id='word_1_305' title='bbox 1101 3333 1282 3411; x_wconf 85' lang='lat' dir='ltr'><strong>exponeret,</strong></span> 
     </span>
    </p>
   </div>
   <div class='ocr_carea' id='block_1_3' title="bbox 172 3408 1282 3580">
    <p class='ocr_par' dir='ltr' id='par_1_3' title="bbox 172 3408 1282 3580">
     <span class='ocr_line' id='line_1_36' title="bbox 172 3408 1282 3496; baseline 0.003 -22"><span class='ocrx_word' id='word_1_306' title='bbox 172 3408 293 3492; x_wconf 88' lang='lat' dir='ltr'><strong>primus</strong></span> <span class='ocrx_word' id='word_1_307' title='bbox 328 3408 393 3472; x_wconf 90' lang='lat' dir='ltr'><strong>eius</strong></span> <span class='ocrx_word' id='word_1_308' title='bbox 430 3410 644 3490; x_wconf 87' lang='lat' dir='ltr'><strong>fragmentum</strong></span> <span class='ocrx_word' id='word_1_309' title='bbox 686 3412 760 3491; x_wconf 81' lang='grc'>(30.)</span> <span class='ocrx_word' id='word_1_310' title='bbox 803 3409 908 3474; x_wconf 88' lang='lat' dir='ltr'><strong>attulit</strong></span> <span class='ocrx_word' id='word_1_311' title='bbox 946 3410 1031 3492; x_wconf 90' lang='lat' dir='ltr'><strong>quod</strong></span> <span class='ocrx_word' id='word_1_312' title='bbox 1075 3411 1190 3494; x_wconf 91' lang='lat' dir='ltr'><strong>legitur</strong></span> <span class='ocrx_word' id='word_1_313' title='bbox 1231 3431 1282 3496; x_wconf 87' lang='lat' dir='ltr'><strong>ap.</strong></span> 
     </span>
     <span class='ocr_line' id='line_1_37' title="bbox 174 3493 1282 3580; baseline 0 -20"><span class='ocrx_word' id='word_1_314' title='bbox 174 3494 270 3560; x_wconf 90' lang='lat' dir='ltr'><strong>Prisc.</strong></span> <span class='ocrx_word' id='word_1_315' title='bbox 293 3493 384 3578; x_wconf 93' lang='lat' dir='ltr'><strong>Vlll,</strong></span> <span class='ocrx_word' id='word_1_316' title='bbox 409 3494 437 3577; x_wconf 84' lang='lat'><strong>9,</strong></span> <span class='ocrx_word' id='word_1_317' title='bbox 463 3495 518 3559; x_wconf 86' lang='lat'><strong>18:</strong></span> <span class='ocrx_word' id='word_1_318' title='bbox 544 3494 747 3580; x_wconf 86' lang='lat' dir='ltr'><strong>„exscriptis</strong></span> <span class='ocrx_word' id='word_1_319' title='bbox 770 3515 877 3562; x_wconf 89' lang='lat' dir='ltr'><strong>eorum</strong></span> <span class='ocrx_word' id='word_1_320' title='bbox 900 3495 954 3576; x_wconf 92' lang='lat' dir='ltr'><strong>qui</strong></span> <span class='ocrx_word' id='word_1_321' title='bbox 976 3493 1043 3560; x_wconf 88' lang='lat' dir='ltr'><strong>veri</strong></span> <span class='ocrx_word' id='word_1_322' title='bbox 1063 3496 1282 3580; x_wconf 87' lang='lat' dir='ltr'><strong>arbitrantur“,</strong></span> 
     </span>
    </p>
   </div>
   <div class='ocr_carea' id='block_1_4' title="bbox 176 3711 1286 4260">
    <p class='ocr_par' dir='ltr' id='par_1_4' title="bbox 176 3711 1286 4260">
     <span class='ocr_line' id='line_1_38' title="bbox 245 3711 1283 3785; baseline 0.005 -21"><span class='ocrx_word' id='word_1_323' title='bbox 245 3714 264 3781; x_wconf 91' lang='lat'><strong>¹)</strong></span> <span class='ocrx_word' id='word_1_324' title='bbox 282 3712 374 3766; x_wconf 87' lang='lat' dir='ltr'><strong>Etiam</strong></span> <span class='ocrx_word' id='word_1_325' title='bbox 392 3713 512 3784; x_wconf 85' lang='lat' dir='ltr'><strong>reliqups</strong></span> <span class='ocrx_word' id='word_1_326' title='bbox 529 3714 588 3768; x_wconf 87' lang='lat' dir='ltr'><strong>eius</strong></span> <span class='ocrx_word' id='word_1_327' title='bbox 605 3714 686 3785; x_wconf 88' lang='lat' dir='ltr'><strong>quasi</strong></span> <span class='ocrx_word' id='word_1_328' title='bbox 703 3713 822 3784; x_wconf 80' lang='lat' dir='ltr'><strong>generis,</strong></span> <span class='ocrx_word' id='word_1_329' title='bbox 852 3711 930 3766; x_wconf 88' lang='lat' dir='ltr'><strong>cuius</strong></span> <span class='ocrx_word' id='word_1_330' title='bbox 951 3713 1078 3782; x_wconf 86' lang='lat' dir='ltr'><strong>princeps</strong></span> <span class='ocrx_word' id='word_1_331' title='bbox 1097 3713 1206 3768; x_wconf 84' lang='lat' dir='ltr'><strong>Silenus</strong></span> <span class='ocrx_word' id='word_1_332' title='bbox 1221 3715 1283 3785; x_wconf 86' lang='lat' dir='ltr'><strong>fuit,</strong></span> 
     </span>
     <span class='ocr_line' id='line_1_39' title="bbox 177 3779 1284 3853; baseline 0.003 -19"><span class='ocrx_word' id='word_1_333' title='bbox 177 3781 334 3850; x_wconf 74' lang='lat' dir='ltr'><strong>scriptores,</strong></span> <span class='ocrx_word' id='word_1_334' title='bbox 356 3780 475 3834; x_wconf 82' lang='lat' dir='ltr'><strong>Sosilum</strong></span> <span class='ocrx_word' id='word_1_335' title='bbox 494 3783 610 3836; x_wconf 71' lang='lat' dir='ltr'><strong>maxim</strong></span> <span class='ocrx_word' id='word_1_336' title='bbox 627 3789 656 3836; x_wconf 85' lang='lat' dir='ltr'><strong>et</strong></span> <span class='ocrx_word' id='word_1_337' title='bbox 672 3782 835 3847; x_wconf 81' lang='lat' dir='ltr'><strong>Chaeream,</strong></span> <span class='ocrx_word' id='word_1_338' title='bbox 856 3779 1081 3850; x_wconf 87' lang='lat' dir='ltr'><strong>Xenophontem,</strong></span> <span class='ocrx_word' id='word_1_339' title='bbox 1103 3782 1284 3853; x_wconf 86' lang='lat' dir='ltr'><strong>Eumachum,</strong></span> 
     </span>
     <span class='ocr_line' id='line_1_40' title="bbox 177 3847 1284 3928; baseline 0 -24"><span class='ocrx_word' id='word_1_340' title='bbox 177 3855 241 3904; x_wconf 86' lang='lat' dir='ltr'><strong>ante</strong></span> <span class='ocrx_word' id='word_1_341' title='bbox 259 3849 354 3902; x_wconf 85' lang='lat' dir='ltr'><strong>oculos</strong></span> <span class='ocrx_word' id='word_1_342' title='bbox 371 3847 495 3902; x_wconf 84' lang='lat' dir='ltr'><strong>Coelium</strong></span> <span class='ocrx_word' id='word_1_343' title='bbox 518 3850 648 3903; x_wconf 87' lang='lat' dir='ltr'><strong>habuisse</strong></span> <span class='ocrx_word' id='word_1_344' title='bbox 670 3849 750 3903; x_wconf 88' lang='lat' dir='ltr'><strong>certis</strong></span> <span class='ocrx_word' id='word_1_345' title='bbox 779 3848 948 3928; x_wconf 82' lang='lat' dir='ltr'><strong>argumentis</strong></span> <span class='ocrx_word' id='word_1_346' title='bbox 970 3851 1151 3904; x_wconf 86' lang='lat' dir='ltr'><strong>demonstrari</strong></span> <span class='ocrx_word' id='word_1_347' title='bbox 1173 3853 1284 3922; x_wconf 87' lang='lat' dir='ltr'><strong>quidem</strong></span> 
     </span>
     <span class='ocr_line' id='line_1_41' title="bbox 176 3917 1286 3997; baseline 0.002 -25"><span class='ocrx_word' id='word_1_348' title='bbox 176 3933 232 3972; x_wconf 91' lang='lat' dir='ltr'><strong>non</strong></span> <span class='ocrx_word' id='word_1_349' title='bbox 248 3923 348 3997; x_wconf 88' lang='lat' dir='ltr'><strong>potest,</strong></span> <span class='ocrx_word' id='word_1_350' title='bbox 367 3917 415 3970; x_wconf 87' lang='lat' dir='ltr'><strong>sed</strong></span> <span class='ocrx_word' id='word_1_351' title='bbox 431 3935 517 3970; x_wconf 89' lang='lat' dir='ltr'><strong>unum</strong></span> <span class='ocrx_word' id='word_1_352' title='bbox 533 3918 691 3986; x_wconf 83' lang='lat' dir='ltr'><strong>alterumve,</strong></span> <span class='ocrx_word' id='word_1_353' title='bbox 708 3917 842 3985; x_wconf 70' lang='lat' dir='ltr'><strong>imrimm</strong></span> <span class='ocrx_word' id='word_1_354' title='bbox 860 3917 992 3987; x_wconf 85' lang='lat' dir='ltr'><strong>Soeilum,</strong></span> <span class='ocrx_word' id='word_1_355' title='bbox 1010 3936 1073 3972; x_wconf 89' lang='lat' dir='ltr'><strong>eum</strong></span> <span class='ocrx_word' id='word_1_356' title='bbox 1089 3919 1210 3988; x_wconf 87' lang='lat' dir='ltr'><strong>novisse,</strong></span> <span class='ocrx_word' id='word_1_357' title='bbox 1227 3921 1286 3974; x_wconf 82' lang='lat' dir='ltr'><strong>ueri</strong></span> 
     </span>
     <span class='ocr_line' id='line_1_42' title="bbox 176 3984 1285 4059; baseline 0.002 -19"><span class='ocrx_word' id='word_1_358' title='bbox 176 3992 251 4040; x_wconf 82' lang='lat' dir='ltr'><strong>certe</strong></span> <span class='ocrx_word' id='word_1_359' title='bbox 269 3990 311 4039; x_wconf 86' lang='lat' dir='ltr'><strong>est</strong></span> <span class='ocrx_word' id='word_1_360' title='bbox 325 3985 420 4039; x_wconf 81' lang='lat' dir='ltr'><strong>slmile.</strong></span> <span class='ocrx_word' id='word_1_361' title='bbox 438 3984 473 4038; x_wconf 85' lang='lat' dir='ltr'><strong>cf.</strong></span> <span class='ocrx_word' id='word_1_362' title='bbox 491 3991 564 4040; x_wconf 88' lang='lat' dir='ltr'><strong>etam</strong></span> <span class='ocrx_word' id='word_1_363' title='bbox 577 3985 659 4040; x_wconf 88' lang='lat' dir='ltr'><strong>Peter</strong></span> <span class='ocrx_word' id='word_1_364' title='bbox 675 3986 692 4038; x_wconf 90' lang='lat' dir='ltr'><strong>l.</strong></span> <span class='ocrx_word' id='word_1_365' title='bbox 705 3985 721 4037; x_wconf 86' lang='lat' dir='ltr'><strong>l</strong></span> <span class='ocrx_word' id='word_1_366' title='bbox 736 4015 768 4024; x_wconf 94' lang='lat'><em>-</em></span> <span class='ocrx_word' id='word_1_367' title='bbox 787 3987 890 4038; x_wconf 85' lang='lat' dir='ltr'><strong>Contra</strong></span> <span class='ocrx_word' id='word_1_368' title='bbox 900 3985 1050 4055; x_wconf 85' lang='lat' dir='ltr'><strong>Polybium</strong></span> <span class='ocrx_word' id='word_1_369' title='bbox 1066 3986 1157 4056; x_wconf 86' lang='lat' dir='ltr'><strong>ipsum</strong></span> <span class='ocrx_word' id='word_1_370' title='bbox 1173 3988 1285 4059; x_wconf 84' lang='lat' dir='ltr'><strong>quidem</strong></span> 
     </span>
     <span class='ocr_line' id='line_1_43' title="bbox 177 4052 1284 4126; baseline 0.001 -18"><span class='ocrx_word' id='word_1_371' title='bbox 177 4053 295 4109; x_wconf 85' lang='lat' dir='ltr'><strong>fortasse</strong></span> <span class='ocrx_word' id='word_1_372' title='bbox 314 4054 475 4108; x_wconf 85' lang='lat' dir='ltr'><strong>adolescens</strong></span> <span class='ocrx_word' id='word_1_373' title='bbox 486 4054 591 4108; x_wconf 86' lang='lat' dir='ltr'><strong>Romae</strong></span> <span class='ocrx_word' id='word_1_374' title='bbox 608 4052 821 4122; x_wconf 30' lang='lat' dir='ltr'><strong>apudeaelium</strong></span> <span class='ocrx_word' id='word_1_375' title='bbox 832 4053 902 4107; x_wconf 87' lang='lat' dir='ltr'><strong>vidit</strong></span> <span class='ocrx_word' id='word_1_376' title='bbox 918 4055 1113 4126; x_wconf 81' lang='lat' dir='ltr'><strong>cognovitquc3</strong></span> <span class='ocrx_word' id='word_1_377' title='bbox 1131 4057 1203 4110; x_wconf 90' lang='lat' dir='ltr'><strong>hunc</strong></span> <span class='ocrx_word' id='word_1_378' title='bbox 1220 4073 1284 4109; x_wconf 88' lang='lat' dir='ltr'><strong>vero</strong></span> 
     </span>
     <span class='ocr_line' id='line_1_44' title="bbox 178 4122 1285 4246; baseline 0.002 -70"><span class='ocrx_word' id='word_1_379' title='bbox 178 4122 327 4246; x_wconf 53' lang='lat' dir='ltr'><strong>quominuls)</strong></span> <span class='ocrx_word' id='word_1_380' title='bbox 350 4128 504 4178; x_wconf 84' lang='lat' dir='ltr'><strong>statuamus</strong></span> <span class='ocrx_word' id='word_1_381' title='bbox 537 4137 599 4176; x_wconf 88' lang='lat' dir='ltr'><strong>cum</strong></span> <span class='ocrx_word' id='word_1_382' title='bbox 629 4127 754 4176; x_wconf 86' lang='lat' dir='ltr'><strong>secutum</strong></span> <span class='ocrx_word' id='word_1_383' title='bbox 784 4137 855 4189; x_wconf 87' lang='lat' dir='ltr'><strong>esse,</strong></span> <span class='ocrx_word' id='word_1_384' title='bbox 890 4123 1034 4196; x_wconf 85' lang='lat' dir='ltr'><strong>utriusque</strong></span> <span class='ocrx_word' id='word_1_385' title='bbox 1062 4125 1153 4193; x_wconf 88' lang='lat' dir='ltr'><strong>operis</strong></span> <span class='ocrx_word' id='word_1_386' title='bbox 1175 4127 1285 4178; x_wconf 85' lang='lat' dir='ltr'><strong>natura</strong></span> 
     </span>
     <span class='ocr_line' id='line_1_45' title="bbox 179 4196 390 4260; baseline 0 -16"><span class='ocrx_word' id='word_1_387' title='bbox 179 4196 273 4260; x_wconf 87' lang='lat' dir='ltr'><strong>aperte</strong></span> <span class='ocrx_word' id='word_1_388' title='bbox 290 4208 306 4245; x_wconf 92' lang='grc' dir='ltr'><strong>ο</strong></span> <span class='ocrx_word' id='word_1_389' title='bbox 328 4198 390 4247; x_wconf 87' lang='lat' dir='ltr'><strong>stat.</strong></span> 
     </span>
    </p>
   </div>
   <div class='ocr_carea' id='block_1_5' title="bbox 0 0 1542 4870">
    <p class='ocr_par' dir='ltr' id='par_1_5' title="bbox 0 0 1542 4870">
     <span class='ocr_line' id='line_1_46' title="bbox 0 0 1542 4870; baseline 0 0"><span class='ocrx_word' id='word_1_390' title='bbox 0 0 1542 4870; x_wconf 95' lang='lat' dir='ltr'><strong> </strong></span> 
     </span>
    </p>
   </div>
  </div>
 </body>
</html>
