3024 4870
297 537 472 606 &amenta
496 543 591 594 autam
615 536 659 598 47.
683 537 725 596 18·
744 539 801 606 49.,
831 553 904 608 quaa
932 539 1024 598 omnia
1045 544 1176 610 apeenut
1199 539 1238 598 a!
1261 556 1290 598 a.
1306 541 1387 610 65⁶..

300 607 367 678 quin
387 625 403 660 e
421 607 511 676 primo
530 607 654 662 Coeliani
673 608 765 676 operis
786 608 860 662 libro
878 617 988 678 sumpta
1006 608 1077 676 sint,
1101 625 1163 664 cum
1181 608 1299 670 dubiam
1318 627 1387 672 osse

301 691 357 727 nou
376 676 483 744 possit,
505 675 537 755 fr.
556 677 599 730 50.
618 682 647 729 et
664 674 740 755 quod
759 693 844 745 supra
863 692 877 757 ς
896 675 1030 729 Cicerone
1049 677 1133 730 attuli
1153 677 1186 728 fr.
1205 677 1266 745 Ab,
1291 677 1336 735 ad.
1358 697 1388 734 a.

300 741 360 796 537.
382 750 541 812 spectantia
559 751 651 797 utrum
671 751 754 796 etiam
780 743 816 796 ad
834 761 953 813 prumam
978 762 1015 797 an
1040 744 1076 797 ad
1101 743 1254 797 secundum
1275 745 1384 799 librum

300 811 449 864 referenda
470 813 541 879 sint,
565 811 685 866 discerni
702 829 759 866 non
776 813 832 866 iam
850 821 945 882 potest
963 829 996 866 ac
1014 829 1084 867 sans
1102 813 1177 866 haud
1202 815 1298 884 magui
1318 832 1380 869 mo·
1494 803 1495 828 ¹

298 881 385 932 menti
403 884 455 933 est.

333 947 397 1000 lam
417 963 483 1001 vero
501 947 581 1001 uncis
597 949 735 1002 inclusum
752 946 778 1000 h.
789 945 808 998 l.
824 947 908 1001 stiam
927 960 1083 1016 proponere
1101 946 1172 998 inihi
1185 946 1270 1000 licoat
1284 948 1383 1001 locum

299 1015 347 1082 qui
366 1021 411 1068 est
429 1033 474 1086 ap.
493 1015 553 1068 Liv.
571 1016 665 1084 XXII,
679 1017 712 1086 6.,
731 1017 779 1086 qui
798 1014 922 1069 Caeliani
942 1015 1033 1084 operis
1054 1015 1099 1068 fra
1120 1023 1244 1068 mentum
1264 1016 1384 1084 quidem

297 1083 408 1150 propria
426 1085 520 1136 vocari
537 1101 593 1136 non
610 1087 708 1153 possit,
726 1083 774 1138 sed
790 1089 885 1137 tamrm
903 1100 1005 1135 novum
1019 1031 1169 1152 quoddam,
1189 1085 1330 1152 quamuis,
1347 1090 1385 1137 ut

295 1151 350 1204 boc
368 1153 452 1204 verbo
469 1158 541 1217 utar,
558 1153 731 1220 negativum,
754 1153 790 1206 ad
808 1153 868 1206 eiua
886 1151 1073 1217 cognitionem
1092 1150 1208 1204 afferat:

348 1216 413 1304 [51)
437 1219 507 1296 Quo
520 1259 563 1270 —-
579 1229 632 1298 (sc.
655 1221 699 1286 ad
721 1220 943 1297 Hannibalem)
957 1218 1196 1302 -priusquam
1217 1218 1315 1292 uetur
1336 1259 1378 1269 -

267 1309 322 1378 (so.
349 1322 371 1366 a
394 1304 632 1386 Campanorum
661 1307 788 1388 legatis)
820 1343 877 1387 -,
900 1305 1037 1368 Romam
1059 1304 1183 1385 legatos
1213 1304 1329 1370 missos
1360 1324 1383 1368 a

268 1386 442 1471 Campanis
462 1389 495 1454 in
514 1387 703 1470 quibusdam
729 1390 895 1455 annalibus
916 1387 1059 1472 invenio,
1094 1387 1307 1474 postulantes,
1344 1397 1380 1452 ut

267 1473 347 1536 alter
369 1473 480 1536 consul
501 1475 684 1558 Campanus
706 1475 795 1540 lieret
816 1474 842 1538 si
861 1493 929 1538 rem
942 1475 1122 1538 Romanam
1144 1473 1290 1538 adiuvari
1310 1475 1375 1538 vel·

264 1557 337 1621 lent.
373 1557 597 1640 Indignatione
620 1567 689 1625 orta
710 1559 902 1626 summoveri
925 1579 945 1622 a
966 1560 1055 1625 curia
1074 1558 1177 1623 iussos
1199 1577 1279 1638 esse,
1300 1558 1373 1622 mis-

264 1660 398 1722 sumque
418 1642 559 1708 lictorem
582 1645 636 1724 qui
657 1664 698 1709 ex
718 1647 795 1710 urbe
816 1644 963 1708 educeret
984 1663 1039 1708 eos
1061 1652 1156 1724 atque
1178 1662 1217 1706 eo
1237 1643 1285 1707 die
1304 1663 1368 1706 ma-

262 1747 337 1791 nere
361 1736 452 1792 exne
478 1729 556 1794 lines
578 1731 740 1796 Romanos
771 1731 900 1794 iuberet.
945 1727 1029 1804 Quia
1050 1728 1143 1793 nimis
1165 1746 1292 1811 compar
1310 1728 1370 1790 La-

261 1813 399 1877 tinorum
421 1814 582 1892 quondam
605 1815 777 1895 postulatio
799 1820 876 1898 erat,
900 1813 1088 1894 Coeliusque
1108 1820 1139 1877 et
1159 1813 1214 1876 alii
1235 1813 1268 1876 id
1288 1811 1375 1874 haud

261 1896 330 1963 sine
350 1917 449 1962 causa
468 1899 746 1980 praetermiserant
766 1899 949 1981 scriptores,
979 1917 1099 1981 ponere
1120 1919 1178 1981 pro
1200 1904 1286 1964 certo
1305 1917 1373 1966 sum

262 1982 387 2046 veritus.
425 1981 496 2050 Liv.
516 1983 621 2063 XXII,
644 1982 684 2072 6.]

347 2083 400 2160 52)
433 2081 559 2150 Coelius
580 2086 717 2150 Romam
739 2093 863 2149 euntem
888 2087 927 2150 ab
950 2085 1045 2148 Ereto
1066 2081 1233 2147 divertisse
1263 2101 1301 2146 eo
1321 2088 1373 2161 (sc.

263 2165 306 2230 ad
326 2167 484 2233 Feroniae
506 2169 672 2253 templum)
695 2170 908 2236 Hannibalem
940 2168 1054 2252 tradit,
1085 2168 1207 2248 iterque
1237 2167 1305 2232 eius
1334 2166 1374 2232 ab

263 2253 364 2314 Reate
387 2252 572 2335 Cutiliisque
601 2262 633 2319 et
654 2256 694 2319 ab
716 2256 880 2320 Amiterno
903 2254 1030 2318 orditur.
1072 2255 1122 2318 Ex
1143 2253 1324 2336 Campania
1341 2251 1373 2315 in

262 2336 444 2412 Samnium,
465 2338 540 2402 inde
560 2340 592 2428 in
614 2339 786 2422 Paelignos
806 2338 989 2422 pervenisse
1010 2347 1198 2420 praeterque
1221 2337 1370 2420 oppidum

265 2420 449 2485 Sulmonem
479 2421 512 2486 in
540 2423 737 2489 Marrucinos
766 2423 934 2506 transisse,
971 2422 1045 2486 iudo
1071 2421 1202 2489 Albensi
1231 2442 1310 2506 agro
1331 2421 1373 2492 ein

260 2506 400 2587 Marsos,
434 2505 506 2571 hinc
534 2509 732 2574 Amiternum
760 2510 958 2590 Forulosque
992 2507 1097 2572 vicum
1129 2507 1261 2572 reabse.
1304 2505 1372 2571 Liv.

328 2590 402 2729 3¹11&
419 2693 491 2746 quae
510 2679 606 2731 statim
625 2678 734 2731 addidit
751 2675 830 2728 Lis:
849 2675 948 2744 Neque
968 2673 1006 2735 ibi
1029 2691 1105 2728 error
1124 2681 1182 2744 est,
1206 2676 1282 2745 quod
1299 2673 1370 2728 tanti

290 2744 430 2798 exercitus
457 2746 578 2814 vestigia
600 2747 673 2799 intra
693 2753 751 2800 tam
768 2743 859 2797 brevia
884 2744 947 2796 aevi
964 2744 1124 2798 memoriam
1148 2747 1292 2815 potuerint
1309 2759 1371 2797 con-

294 2811 388 2877 fundi3
415 2810 471 2865 isse
493 2815 567 2866 enim
588 2830 622 2867 ea
646 2819 765 2870 constat.
808 2811 931 2865 Tantum
959 2810 987 2863 id
1013 2811 1142 2879 interest,
1173 2813 1316 2870 veneritne
1340 2826 1372 2870 ao

292 2879 394 2932 itincre
412 2879 449 2932 ad
470 2881 566 2934 urbem
583 2899 619 2935 au
637 2884 673 2937 ab
692 2885 761 2938 urbe
785 2881 814 2934 iu
832 2878 1012 2964 Campaniam
1031 2880 1150 2934 redierit
1173 2910 1202 2922 -
1228 2879 1271 2933 De
1288 2896 1318 2933 re
1336 2877 1371 2931 cf.

293 2949 368 3016 App.
383 2945 446 3013 Vll,
462 2948 520 3002 38⁸
541 2968 567 3020 q.
596 2950 720 3005 Liv.l.l‚
741 2949 805 3003 inde
821 2964 884 3001 ac.
901 2952 924 3001 b.
953 2947 1177 3018 Pol.1x,40qq.
1213 2948 1289 3018 App.
1309 2947 1370 3012 Vll,

292 3015 327 3071 33
335 3031 395 3086 sqq.
421 3017 515 3070 Zoml
547 3019 590 3085 ,6.
616 3019 788 3089 Quocunque
806 3024 901 3070 autem
920 3033 978 3070 rem
996 3017 1201 3084 contemplatus
1219 3017 1267 3082 sis,
1281 3031 1370 3068 veram

293 3101 355 3139 esse
368 3086 517 3154 apparebit
534 3087 608 3140 Livii
620 3088 794 3140 senteutiam.
821 3083 965 3138 Hannibal
979 3082 1077 3156 Capua
1088 3101 1139 3152 per
1150 3084 1256 3138 vicinas
1267 3081 1369 3137 Samnii

292 3155 422 3223 regiones
445 3153 523 3221 (Polt
547 3151 591 3203 διὰ
608 3154 780 3215 Σαυνίτιδος,
806 3153 911 3206 Allifas
934 3168 957 3206 e.
974 3169 1015 3220 gr.
1039 3153 1067 3236 Ιἰι]
1090 3153 1203 3234 §smnio
1226 3153 1294 3206 sitas
1312 3149 1369 3203 mv.

291 3222 789 3358 tttttffltttlltbtttt<tiu
813 3220 882 3341 tl·
899 3219 1370 3359 lit,il‘ttt’tt‘tttbttt

289 3373 373 3428 quam
395 3353 506 3410 Coelius
527 3358 713 3428 significavit,
732 3358 778 3410 via
797 3373 825 3408 se
845 3360 959 3424 recepit.

342 3426 397 3503 53)
430 3423 550 3490 Multos
580 3427 663 3492 circa
684 3447 781 3490 unam
803 3444 868 3488 rein
892 3424 1028 3489 ambitus
1052 3423 1196 3506 fecerim,
1226 3422 1268 3506 si,
1292 3441 1372 3502 quae

260 3509 301 3575 de
328 3509 470 3573 Marcelli
499 3517 601 3575 morte
628 3511 753 3575 variant
780 3517 941 3590 auctores,
971 3511 1079 3574 omnia
1111 3508 1240 3588 exsequi
1270 3507 1371 3572 velim.

261 3595 305 3660 Ut
335 3594 479 3658 omittam
507 3595 600 3679 alios,
630 3598 665 3661 L.
689 3593 813 3659 Coelius
843 3594 996 3676 triplicem
1019 3603 1129 3677 gestae
1158 3593 1202 3657 rei
1230 3592 1369 3658 ordinem

257 3679 364 3763 edidit,
382 3699 479 3742 unam
496 3681 645 3745 traditam
663 3681 759 3759 fama,
782 3680 915 3743 alteram
937 3679 1086 3763 scriptam
1109 3677 1292 3742 laudatione
1312 3675 1370 3753 tilii,

264 3765 388 3862 tertiam
425 3782 520 3845 quarn
537 3766 619 3915 ,lpse
655 3786 714 3850 pro
743 3764 892 3845 inquisita
922 3785 960 3829 ac
989 3765 1048 3831 sibi
1077 3769 1241 3847 comperta
1276 3762 1370 3828 affert.

261 3850 333 3914 Liv.
356 3850 491 3934 XXVII,
514 3853 564 3917 2.

331 3933 365 3986 In
383 3935 494 3990 nomine
518 3933 659 4005 scriptoris
678 3931 758 3986 codd.
784 3949 954 4003 magnopere
977 3933 1133 3998 fluctuant3
1156 3930 1276 4000 praebet
1301 3931 1369 3984 enim

291 4001 454 4056 Puteaneus
465 4002 596 4071 Cloelius,
606 4002 706 4055 Medic.
721 4001 844 4068 Laelius,
854 4001 1004 4070 Bamberg.
1017 4000 1142 4067 Coelius3
1161 3999 1312 4052 deteriores
1325 4003 1370 4050 aut

288 4071 320 4122 L.
334 4070 444 4138 Coelius
456 4080 505 4125 aut
516 4071 546 4125 C.
561 4071 678 4126 Laelius
691 4077 741 4122 aut
751 4070 865 4125 Laelius
877 4068 999 4124 Coelius.
1025 4069 1062 4121 Et
1076 4067 1106 4120 L.
1119 4066 1232 4135 quidem
1248 4066 1369 4120 Coelium

293 4139 473 4208 Antipatrum
491 4159 508 4196 a
529 4141 611 4194 Livio
631 4135 783 4209 significari
808 4155 921 4208 prorsus
943 4143 1049 4190 certum
1069 4141 1124 4200 est3
1148 4133 1177 4186 id
1195 4141 1305 4188 tantum
1326 4133 1371 4185 du·

291 4207 369 4262 bium
387 4214 445 4273 est,
463 4215 555 4262 utram
573 4223 741 4279 praenomen
761 4208 798 4260 ab
815 4224 849 4262 eo
868 4212 979 4276 praeter
996 4201 1228 4257 consuetudinem
1248 4203 1369 4256 additum
