<?xml version="1.0" encoding="UTF-8"?>
<!DOCTYPE html PUBLIC "-//W3C//DTD XHTML 1.0 Transitional//EN"
    "http://www.w3.org/TR/xhtml1/DTD/xhtml1-transitional.dtd">
<html xmlns="http://www.w3.org/1999/xhtml" xml:lang="en" lang="en">
 <head>
  <title>
</title>
<meta http-equiv="Content-Type" content="text/html;charset=utf-8" />
  <meta name='ocr-system' content='tesseract 3.04.00' />
  <meta name='ocr-capabilities' content='ocr_page ocr_carea ocr_par ocr_line ocrx_word'/>
</head>
<body>
  <div class='ocr_page' id='page_1' title='image "./delcoelioantipa00meltgoog_0038.png"; bbox 0 0 3024 4870; ppageno 0'>
   <div class='ocr_carea' id='block_1_1' title="bbox 156 469 1269 1567">
    <p class='ocr_par' dir='ltr' id='par_1_1' title="bbox 187 469 1268 692">
     <span class='ocr_line' id='line_1_1' title="bbox 187 469 1268 553; baseline -0.002 -23"><span class='ocrx_word' id='word_1_1' title='bbox 187 473 225 530; x_wconf 84' lang='lat' dir='ltr'><strong>ait</strong></span> <span class='ocrx_word' id='word_1_2' title='bbox 245 491 342 532; x_wconf 83' lang='lat' dir='ltr'><strong>neone.</strong></span> <span class='ocrx_word' id='word_1_3' title='bbox 382 473 477 544; x_wconf 76' lang='lat' dir='ltr'><strong>Quod,</strong></span> <span class='ocrx_word' id='word_1_4' title='bbox 503 492 568 532; x_wconf 88' lang='lat' dir='ltr'><strong>cum</strong></span> <span class='ocrx_word' id='word_1_5' title='bbox 588 492 622 530; x_wconf 88' lang='lat' dir='ltr'><strong>ex</strong></span> <span class='ocrx_word' id='word_1_6' title='bbox 648 472 722 529; x_wconf 92' lang='lat' dir='ltr'><strong>omni</strong></span> <span class='ocrx_word' id='word_1_7' title='bbox 741 471 871 528; x_wconf 81' lang='lat' dir='ltr'><strong>lectionis</strong></span> <span class='ocrx_word' id='word_1_8' title='bbox 896 469 1032 526; x_wconf 84' lang='lat' dir='ltr'><strong>varietate</strong></span> <span class='ocrx_word' id='word_1_9' title='bbox 1059 470 1113 528; x_wconf 84' lang='lat' dir='ltr'><strong>hoc</strong></span> <span class='ocrx_word' id='word_1_10' title='bbox 1131 488 1268 553; x_wconf 77' lang='lat' dir='ltr'><strong>apparere</strong></span> 
     </span>
     <span class='ocr_line' id='line_1_2' title="bbox 189 539 1266 614; baseline -0.002 -16"><span class='ocrx_word' id='word_1_11' title='bbox 189 541 332 610; x_wconf 81' lang='lat' dir='ltr'><strong>rideatur,</strong></span> <span class='ocrx_word' id='word_1_12' title='bbox 358 544 508 598; x_wconf 90' lang='lat' dir='ltr'><strong>llitteram</strong></span> <span class='ocrx_word' id='word_1_13' title='bbox 533 545 625 614; x_wconf 89' lang='lat' dir='ltr'><strong>aliqno</strong></span> <span class='ocrx_word' id='word_1_14' title='bbox 651 541 733 598; x_wconf 91' lang='lat' dir='ltr'><strong>modo</strong></span> <span class='ocrx_word' id='word_1_15' title='bbox 760 557 823 596; x_wconf 87' lang='lat' dir='ltr'><strong>oum</strong></span> <span class='ocrx_word' id='word_1_16' title='bbox 848 541 927 594; x_wconf 87' lang='lat' dir='ltr'><strong>initio</strong></span> <span class='ocrx_word' id='word_1_17' title='bbox 946 539 1065 594; x_wconf 73' lang='lat' dir='ltr'><strong>nominis</strong></span> <span class='ocrx_word' id='word_1_18' title='bbox 1089 548 1266 596; x_wconf 78' lang='lat' dir='ltr'><strong>coniunctam</strong></span> 
     </span>
     <span class='ocr_line' id='line_1_3' title="bbox 189 607 1264 692; baseline 0 -28"><span class='ocrx_word' id='word_1_19' title='bbox 189 609 290 692; x_wconf 47' lang='lat' dir='ltr'><strong>luisse)</strong></span> <span class='ocrx_word' id='word_1_20' title='bbox 305 627 358 680; x_wconf 87' lang='lat' dir='ltr'><strong>ego</strong></span> <span class='ocrx_word' id='word_1_21' title='bbox 376 614 480 666; x_wconf 87' lang='lat' dir='ltr'><strong>servari</strong></span> <span class='ocrx_word' id='word_1_22' title='bbox 499 613 601 666; x_wconf 86' lang='lat' dir='ltr'><strong>malim.</strong></span> <span class='ocrx_word' id='word_1_23' title='bbox 617 640 652 651; x_wconf 95' lang='lat'>-</span> <span class='ocrx_word' id='word_1_24' title='bbox 670 609 765 663; x_wconf 81' lang='lat' dir='ltr'><strong>Facile</strong></span> <span class='ocrx_word' id='word_1_25' title='bbox 781 615 873 664; x_wconf 89' lang='lat' dir='ltr'><strong>autem</strong></span> <span class='ocrx_word' id='word_1_26' title='bbox 893 625 927 662; x_wconf 88' lang='lat' dir='ltr'><strong>ex</strong></span> <span class='ocrx_word' id='word_1_27' title='bbox 944 607 1012 674; x_wconf 90' lang='lat' dir='ltr'><strong>ipsis</strong></span> <span class='ocrx_word' id='word_1_28' title='bbox 1029 609 1102 664; x_wconf 86' lang='lat' dir='ltr'><strong>Livii</strong></span> <span class='ocrx_word' id='word_1_29' title='bbox 1116 608 1207 664; x_wconf 88' lang='lat' dir='ltr'><strong>verbis</strong></span> <span class='ocrx_word' id='word_1_30' title='bbox 1224 610 1264 664; x_wconf 94' lang='lat' dir='ltr'><strong>in·</strong></span> 
     </span>
    </p>

    <p class='ocr_par' dir='ltr' id='par_1_2' title="bbox 156 674 1269 1024">
     <span class='ocr_line' id='line_1_4' title="bbox 156 674 1267 752; baseline -0.002 -19"><span class='ocrx_word' id='word_1_31' title='bbox 156 686 161 703; x_wconf 83' lang='lat'><strong>⁴</strong></span> <span class='ocrx_word' id='word_1_32' title='bbox 189 678 341 750; x_wconf 64' lang='lat' dir='ltr'><strong>allegitur,</strong></span> <span class='ocrx_word' id='word_1_33' title='bbox 358 695 429 746; x_wconf 80' lang='lat' dir='ltr'><strong>eam,</strong></span> <span class='ocrx_word' id='word_1_34' title='bbox 445 711 474 718; x_wconf 88' lang='lat'><em>-</em></span> <span class='ocrx_word' id='word_1_35' title='bbox 490 697 574 752; x_wconf 90' lang='lat' dir='ltr'><strong>quam</strong></span> <span class='ocrx_word' id='word_1_36' title='bbox 586 681 614 734; x_wconf 92' lang='lat' dir='ltr'><strong>in</strong></span> <span class='ocrx_word' id='word_1_37' title='bbox 629 676 913 745; x_wconf 69' lang='lat' dir='ltr'><strong>antecedentibuslde</strong></span> <span class='ocrx_word' id='word_1_38' title='bbox 922 674 1052 730; x_wconf 86' lang='lat' dir='ltr'><strong>Marcelli</strong></span> <span class='ocrx_word' id='word_1_39' title='bbox 1068 683 1156 732; x_wconf 90' lang='lat' dir='ltr'><strong>morte</strong></span> <span class='ocrx_word' id='word_1_40' title='bbox 1166 693 1267 748; x_wconf 88' lang='lat' dir='ltr'><strong>propo·</strong></span> 
     </span>
     <span class='ocr_line' id='line_1_5' title="bbox 186 743 1269 815; baseline -0.002 -15"><span class='ocrx_word' id='word_1_41' title='bbox 186 749 286 815; x_wconf 77' lang='lat' dir='ltr'><strong>suerit,</strong></span> <span class='ocrx_word' id='word_1_42' title='bbox 311 748 500 803; x_wconf 74' lang='lat' dir='ltr'><strong>narrationem</strong></span> <span class='ocrx_word' id='word_1_43' title='bbox 522 749 634 803; x_wconf 83' lang='lat' dir='ltr'><strong>tertiam</strong></span> <span class='ocrx_word' id='word_1_44' title='bbox 653 747 729 800; x_wconf 91' lang='lat' dir='ltr'><strong>illam</strong></span> <span class='ocrx_word' id='word_1_45' title='bbox 748 744 836 800; x_wconf 73' lang='lat' dir='ltr'><strong>coelii</strong></span> <span class='ocrx_word' id='word_1_46' title='bbox 863 761 932 800; x_wconf 86' lang='lat' dir='ltr'><strong>ease.</strong></span> <span class='ocrx_word' id='word_1_47' title='bbox 968 743 1118 814; x_wconf 82' lang='lat' dir='ltr'><strong>Polybium</strong></span> <span class='ocrx_word' id='word_1_48' title='bbox 1136 751 1225 812; x_wconf 89' lang='lat' dir='ltr'><strong>certe,</strong></span> <span class='ocrx_word' id='word_1_49' title='bbox 1250 745 1269 798; x_wconf 86' lang='lat' dir='ltr'><strong>l.</strong></span> 
     </span>
     <span class='ocr_line' id='line_1_6' title="bbox 186 811 1268 892; baseline 0 -25"><span class='ocrx_word' id='word_1_50' title='bbox 186 813 224 881; x_wconf 88' lang='lat' dir='ltr'><strong>X,</strong></span> <span class='ocrx_word' id='word_1_51' title='bbox 241 815 283 869; x_wconf 77' lang='grc'><strong>82.</strong></span> <span class='ocrx_word' id='word_1_52' title='bbox 301 833 358 870; x_wconf 88' lang='lat' dir='ltr'><strong>non</strong></span> <span class='ocrx_word' id='word_1_53' title='bbox 376 821 488 870; x_wconf 83' lang='lat' dir='ltr'><strong>secutus</strong></span> <span class='ocrx_word' id='word_1_54' title='bbox 504 824 554 886; x_wconf 83' lang='lat' dir='ltr'><strong>est,</strong></span> <span class='ocrx_word' id='word_1_55' title='bbox 571 819 639 871; x_wconf 89' lang='lat' dir='ltr'><strong>licet</strong></span> <span class='ocrx_word' id='word_1_56' title='bbox 657 817 726 868; x_wconf 89' lang='lat' dir='ltr'><strong>bene</strong></span> <span class='ocrx_word' id='word_1_57' title='bbox 745 830 808 868; x_wconf 91' lang='lat' dir='ltr'><strong>cum</strong></span> <span class='ocrx_word' id='word_1_58' title='bbox 829 831 863 868; x_wconf 91' lang='lat' dir='ltr'><strong>eo</strong></span> <span class='ocrx_word' id='word_1_59' title='bbox 879 812 954 882; x_wconf 89' lang='lat' dir='ltr'><strong>quod</strong></span> <span class='ocrx_word' id='word_1_60' title='bbox 972 811 1009 892; x_wconf 78' lang='lat' dir='ltr'><strong>ad</strong></span> <span class='ocrx_word' id='word_1_61' title='bbox 1027 831 1117 867; x_wconf 87' lang='lat' dir='ltr'><strong>rerum</strong></span> <span class='ocrx_word' id='word_1_62' title='bbox 1134 829 1268 867; x_wconf 84' lang='lat' dir='ltr'><strong>summam</strong></span> 
     </span>
     <span class='ocr_line' id='line_1_7' title="bbox 185 881 1268 952; baseline -0.003 -15"><span class='ocrx_word' id='word_1_63' title='bbox 185 883 290 938; x_wconf 72' lang='lat' dir='ltr'><strong>attinet</strong></span> <span class='ocrx_word' id='word_1_64' title='bbox 306 885 479 952; x_wconf 79' lang='lat' dir='ltr'><strong>consentiat3</strong></span> <span class='ocrx_word' id='word_1_65' title='bbox 507 885 644 952; x_wconf 76' lang='lat' dir='ltr'><strong>zonarae,</strong></span> <span class='ocrx_word' id='word_1_66' title='bbox 663 883 714 947; x_wconf 91' lang='lat' dir='ltr'><strong>lX,</strong></span> <span class='ocrx_word' id='word_1_67' title='bbox 732 886 757 936; x_wconf 75' lang='lat' dir='ltr'><strong>tl.</strong></span> <span class='ocrx_word' id='word_1_68' title='bbox 783 883 907 936; x_wconf 88' lang='lat' dir='ltr'><strong>narratio</strong></span> <span class='ocrx_word' id='word_1_69' title='bbox 932 881 1042 934; x_wconf 79' lang='lat' dir='ltr'><strong>brevior</strong></span> <span class='ocrx_word' id='word_1_70' title='bbox 1065 886 1109 936; x_wconf 89' lang='lat' dir='ltr'><strong>est</strong></span> <span class='ocrx_word' id='word_1_71' title='bbox 1151 899 1215 936; x_wconf 90' lang='lat' dir='ltr'><strong>uam</strong></span> <span class='ocrx_word' id='word_1_72' title='bbox 1234 897 1268 935; x_wconf 84' lang='lat' dir='ltr'><strong>ex</strong></span> 
     </span>
     <span class='ocr_line' id='line_1_8' title="bbox 187 948 1266 1024; baseline -0.001 -20"><span class='ocrx_word' id='word_1_73' title='bbox 187 967 245 1022; x_wconf 84' lang='lat' dir='ltr'><strong>qna</strong></span> <span class='ocrx_word' id='word_1_74' title='bbox 261 952 331 1006; x_wconf 89' lang='lat' dir='ltr'><strong>certi</strong></span> <span class='ocrx_word' id='word_1_75' title='bbox 349 951 503 1022; x_wconf 79' lang='lat' dir='ltr'><strong>quidquam</strong></span> <span class='ocrx_word' id='word_1_76' title='bbox 521 954 617 1024; x_wconf 78' lang='lat' dir='ltr'>colligi</span> <span class='ocrx_word' id='word_1_77' title='bbox 635 951 738 1021; x_wconf 80' lang='lat' dir='ltr'><strong>possit3</strong></span> <span class='ocrx_word' id='word_1_78' title='bbox 762 951 911 1020; x_wconf 84' lang='lat' dir='ltr'><strong>Appianus</strong></span> <span class='ocrx_word' id='word_1_79' title='bbox 929 964 1009 1014; x_wconf 77' lang='lat' dir='ltr'><strong>vero,</strong></span> <span class='ocrx_word' id='word_1_80' title='bbox 1031 948 1101 1016; x_wconf 81' lang='lat' dir='ltr'><strong>vll,</strong></span> <span class='ocrx_word' id='word_1_81' title='bbox 1154 991 1160 1002; x_wconf 92' lang='lat'>.</span> <span class='ocrx_word' id='word_1_82' title='bbox 1181 950 1266 1019; x_wconf 85' lang='lat' dir='ltr'><strong>plane</strong></span> 
     </span>
    </p>

    <p class='ocr_par' dir='ltr' id='par_1_3' title="bbox 158 1016 1268 1567">
     <span class='ocr_line' id='line_1_9' title="bbox 158 1016 1265 1087; baseline -0.002 -15"><span class='ocrx_word' id='word_1_83' title='bbox 158 1018 160 1031; x_wconf 90' lang='lat'>&#39;</span> <span class='ocrx_word' id='word_1_84' title='bbox 196 1019 280 1074; x_wconf 81' lang='lat' dir='ltr'><strong>aliam</strong></span> <span class='ocrx_word' id='word_1_85' title='bbox 339 1027 401 1074; x_wconf 90' lang='lat' dir='ltr'><strong>stae</strong></span> <span class='ocrx_word' id='word_1_86' title='bbox 420 1022 463 1074; x_wconf 89' lang='lat' dir='ltr'><strong>rei</strong></span> <span class='ocrx_word' id='word_1_87' title='bbox 482 1023 617 1077; x_wconf 89' lang='lat' dir='ltr'><strong>rationem</strong></span> <span class='ocrx_word' id='word_1_88' title='bbox 637 1019 738 1087; x_wconf 80' lang='lat' dir='ltr'><strong>tradit,</strong></span> <span class='ocrx_word' id='word_1_89' title='bbox 757 1025 786 1072; x_wconf 89' lang='lat' dir='ltr'><strong>et</strong></span> <span class='ocrx_word' id='word_1_90' title='bbox 803 1035 838 1072; x_wconf 90' lang='lat' dir='ltr'><strong>ne</strong></span> <span class='ocrx_word' id='word_1_91' title='bbox 860 1016 1023 1086; x_wconf 84' lang='lat' dir='ltr'><strong>speculandi</strong></span> <span class='ocrx_word' id='word_1_92' title='bbox 1062 1019 1154 1072; x_wconf 91' lang='lat' dir='ltr'><strong>uidem</strong></span> <span class='ocrx_word' id='word_1_93' title='bbox 1170 1033 1265 1084; x_wconf 81' lang='lat' dir='ltr'><strong>causa,</strong></span> 
     </span>
     <span class='ocr_line' id='line_1_10' title="bbox 189 1033 1268 1159; baseline -0.002 -19"><span class='ocrx_word' id='word_1_94' title='bbox 189 1088 265 1156; x_wconf 88' lang='lat' dir='ltr'><strong>quod</strong></span> <span class='ocrx_word' id='word_1_95' title='bbox 282 1033 432 1159; x_wconf 50' lang='lat' dir='ltr'><strong>pfeerosque</strong></span> <span class='ocrx_word' id='word_1_96' title='bbox 459 1089 561 1144; x_wconf 86' lang='lat' dir='ltr'><strong>fecisse</strong></span> <span class='ocrx_word' id='word_1_97' title='bbox 580 1090 675 1142; x_wconf 84' lang='lat' dir='ltr'><strong>Livius</strong></span> <span class='ocrx_word' id='word_1_98' title='bbox 697 1093 828 1154; x_wconf 87' lang='lat' dir='ltr'><strong>testatur,</strong></span> <span class='ocrx_word' id='word_1_99' title='bbox 853 1086 1016 1140; x_wconf 87' lang='lat' dir='ltr'><strong>Marcellum</strong></span> <span class='ocrx_word' id='word_1_100' title='bbox 1040 1035 1109 1140; x_wconf 64' lang='lat' dir='ltr'><strong>licit</strong></span> <span class='ocrx_word' id='word_1_101' title='bbox 1132 1085 1268 1140; x_wconf 88' lang='lat' dir='ltr'><strong>ecastris</strong></span> 
     </span>
     <span class='ocr_line' id='line_1_11' title="bbox 192 1152 1266 1224; baseline -0.002 -16"><span class='ocrx_word' id='word_1_102' title='bbox 192 1171 209 1208; x_wconf 91' lang='lat' dir='ltr'><strong>e</strong></span> <span class='ocrx_word' id='word_1_103' title='bbox 243 1171 335 1208; x_wconf 84' lang='lat' dir='ltr'><strong>essum</strong></span> <span class='ocrx_word' id='word_1_104' title='bbox 360 1172 430 1210; x_wconf 85' lang='lat' dir='ltr'><strong>esse.</strong></span> <span class='ocrx_word' id='word_1_105' title='bbox 448 1187 482 1196; x_wconf 90' lang='lat'><em>-</em></span> <span class='ocrx_word' id='word_1_106' title='bbox 507 1158 659 1212; x_wconf 86' lang='lat' dir='ltr'><strong>Praeterea</strong></span> <span class='ocrx_word' id='word_1_107' title='bbox 682 1171 765 1224; x_wconf 89' lang='lat' dir='ltr'><strong>quem</strong></span> <span class='ocrx_word' id='word_1_108' title='bbox 804 1155 861 1208; x_wconf 89' lang='lat' dir='ltr'><strong>arvi</strong></span> <span class='ocrx_word' id='word_1_109' title='bbox 879 1154 932 1223; x_wconf 88' lang='lat' dir='ltr'><strong>ipsi</strong></span> <span class='ocrx_word' id='word_1_110' title='bbox 954 1152 1089 1222; x_wconf 83' lang='lat' dir='ltr'><strong>Romani,</strong></span> <span class='ocrx_word' id='word_1_111' title='bbox 1113 1154 1266 1224; x_wconf 88' lang='lat' dir='ltr'><strong>siquidem</strong></span> 
     </span>
     <span class='ocr_line' id='line_1_12' title="bbox 194 1173 1266 1294; baseline 0.002 -20"><span class='ocrx_word' id='word_1_112' title='bbox 194 1238 212 1274; x_wconf 88' lang='lat' dir='ltr'><strong>a</strong></span> <span class='ocrx_word' id='word_1_113' title='bbox 223 1221 308 1291; x_wconf 89' lang='lat' dir='ltr'><strong>iqnod</strong></span> <span class='ocrx_word' id='word_1_114' title='bbox 326 1224 453 1278; x_wconf 84' lang='lat' dir='ltr'><strong>veritatis</strong></span> <span class='ocrx_word' id='word_1_115' title='bbox 472 1226 595 1280; x_wconf 87' lang='lat' dir='ltr'><strong>studium</strong></span> <span class='ocrx_word' id='word_1_116' title='bbox 612 1223 764 1291; x_wconf 77' lang='lat' dir='ltr'>haberent,</span> <span class='ocrx_word' id='word_1_117' title='bbox 781 1173 960 1277; x_wconf 64' lang='lat' dir='ltr'><strong>liudationee</strong></span> <span class='ocrx_word' id='word_1_118' title='bbox 976 1222 1055 1288; x_wconf 88' lang='lat' dir='ltr'><strong>illas,</strong></span> <span class='ocrx_word' id='word_1_119' title='bbox 1077 1223 1153 1294; x_wconf 90' lang='lat' dir='ltr'><strong>quod</strong></span> <span class='ocrx_word' id='word_1_120' title='bbox 1171 1223 1207 1276; x_wconf 87' lang='lat' dir='ltr'><strong>ad</strong></span> <span class='ocrx_word' id='word_1_121' title='bbox 1225 1238 1266 1275; x_wconf 91' lang='lat' dir='ltr'><strong>re·</strong></span> 
     </span>
     <span class='ocr_line' id='line_1_13' title="bbox 187 1289 1264 1360; baseline -0.001 -17"><span class='ocrx_word' id='word_1_122' title='bbox 187 1303 248 1343; x_wconf 87' lang='lat' dir='ltr'><strong>rum</strong></span> <span class='ocrx_word' id='word_1_123' title='bbox 266 1297 440 1348; x_wconf 78' lang='lat' dir='ltr'><strong>narratarum</strong></span> <span class='ocrx_word' id='word_1_124' title='bbox 454 1291 539 1350; x_wconf 88' lang='lat' dir='ltr'><strong>fidem</strong></span> <span class='ocrx_word' id='word_1_125' title='bbox 559 1295 701 1359; x_wconf 75' lang='lat' dir='ltr'><strong>attineret,</strong></span> <span class='ocrx_word' id='word_1_126' title='bbox 717 1292 845 1359; x_wconf 82' lang='lat' dir='ltr'><strong>fecerint,</strong></span> <span class='ocrx_word' id='word_1_127' title='bbox 864 1289 974 1346; x_wconf 85' lang='lat' dir='ltr'><strong>etiamsi</strong></span> <span class='ocrx_word' id='word_1_128' title='bbox 988 1290 1026 1344; x_wconf 85' lang='lat' dir='ltr'><strong>ab</strong></span> <span class='ocrx_word' id='word_1_129' title='bbox 1039 1290 1197 1345; x_wconf 83' lang='lat' dir='ltr'>homiuibus</span> <span class='ocrx_word' id='word_1_130' title='bbox 1217 1290 1264 1360; x_wconf 90' lang='lat' dir='ltr'><strong>qui</strong></span> 
     </span>
     <span class='ocr_line' id='line_1_14' title="bbox 188 1355 1266 1428; baseline 0 -18"><span class='ocrx_word' id='word_1_131' title='bbox 188 1358 244 1428; x_wconf 85' lang='lat' dir='ltr'><strong>ipsi</strong></span> <span class='ocrx_word' id='word_1_132' title='bbox 261 1355 344 1413; x_wconf 85' lang='lat' dir='ltr'><strong>rebus</strong></span> <span class='ocrx_word' id='word_1_133' title='bbox 361 1359 559 1418; x_wconf 81' lang='lat' dir='ltr'><strong>interfuissent</strong></span> <span class='ocrx_word' id='word_1_134' title='bbox 577 1363 685 1417; x_wconf 86' lang='lat' dir='ltr'><strong>conseri</strong></span> <span class='ocrx_word' id='word_1_135' title='bbox 707 1368 754 1416; x_wconf 88' lang='lat' dir='ltr'><strong>tae</strong></span> <span class='ocrx_word' id='word_1_136' title='bbox 771 1365 874 1426; x_wconf 87' lang='lat' dir='ltr'><strong>esseut,</strong></span> <span class='ocrx_word' id='word_1_137' title='bbox 892 1358 964 1414; x_wconf 87' lang='lat' dir='ltr'><strong>bene</strong></span> <span class='ocrx_word' id='word_1_138' title='bbox 978 1358 1019 1412; x_wconf 86' lang='lat' dir='ltr'><strong>his</strong></span> <span class='ocrx_word' id='word_1_139' title='bbox 1035 1359 1125 1413; x_wconf 89' lang='lat' dir='ltr'><strong>verbis</strong></span> <span class='ocrx_word' id='word_1_140' title='bbox 1142 1357 1266 1414; x_wconf 88' lang='lat' dir='ltr'><strong>animad-</strong></span> 
     </span>
     <span class='ocr_line' id='line_1_15' title="bbox 188 1425 1266 1499; baseline 0.002 -21"><span class='ocrx_word' id='word_1_141' title='bbox 188 1425 315 1479; x_wconf 83' lang='lat' dir='ltr'><strong>vertitur.</strong></span> <span class='ocrx_word' id='word_1_142' title='bbox 333 1427 370 1480; x_wconf 80' lang='lat' dir='ltr'><strong>ci.</strong></span> <span class='ocrx_word' id='word_1_143' title='bbox 389 1429 444 1482; x_wconf 83' lang='lat' dir='ltr'><strong>Cic.</strong></span> <span class='ocrx_word' id='word_1_144' title='bbox 462 1428 541 1483; x_wconf 88' lang='lat' dir='ltr'><strong>Brut.</strong></span> <span class='ocrx_word' id='word_1_145' title='bbox 560 1429 601 1498; x_wconf 88' lang='grc'><strong>16,</strong></span> <span class='ocrx_word' id='word_1_146' title='bbox 619 1431 660 1484; x_wconf 82' lang='lat'><strong>62.</strong></span> <span class='ocrx_word' id='word_1_147' title='bbox 704 1430 737 1483; x_wconf 88' lang='lat' dir='ltr'><strong>iv.</strong></span> <span class='ocrx_word' id='word_1_148' title='bbox 755 1428 894 1494; x_wconf 82' lang='lat' dir='ltr'><strong>vl11,40.</strong></span> <span class='ocrx_word' id='word_1_149' title='bbox 913 1458 944 1467; x_wconf 89' lang='lat'>-</span> <span class='ocrx_word' id='word_1_150' title='bbox 966 1427 1153 1499; x_wconf 87' lang='lat' dir='ltr'><strong>Desumptum</strong></span> <span class='ocrx_word' id='word_1_151' title='bbox 1171 1434 1266 1482; x_wconf 86' lang='lat' dir='ltr'><strong>autem</strong></span> 
     </span>
     <span class='ocr_line' id='line_1_16' title="bbox 188 1490 1051 1567; baseline 0 -20"><span class='ocrx_word' id='word_1_152' title='bbox 188 1490 300 1549; x_wconf 81' lang='lat' dir='ltr'><strong>ridetur</strong></span> <span class='ocrx_word' id='word_1_153' title='bbox 320 1494 375 1550; x_wconf 90' lang='lat' dir='ltr'><strong>hoc</strong></span> <span class='ocrx_word' id='word_1_154' title='bbox 393 1495 492 1565; x_wconf 83' lang='lat' dir='ltr'><strong>fragm.</strong></span> <span class='ocrx_word' id='word_1_155' title='bbox 508 1514 542 1552; x_wconf 89' lang='lat' dir='ltr'><strong>ex</strong></span> <span class='ocrx_word' id='word_1_156' title='bbox 559 1498 578 1551; x_wconf 86' lang='lat' dir='ltr'><strong>l.</strong></span> <span class='ocrx_word' id='word_1_157' title='bbox 600 1498 635 1564; x_wconf 86' lang='lat' dir='ltr'><strong>V,</strong></span> <span class='ocrx_word' id='word_1_158' title='bbox 657 1497 732 1567; x_wconf 91' lang='lat' dir='ltr'><strong>quod</strong></span> <span class='ocrx_word' id='word_1_159' title='bbox 751 1497 894 1550; x_wconf 79' lang='lat' dir='ltr'><strong>antecedit</strong></span> <span class='ocrx_word' id='word_1_160' title='bbox 911 1513 943 1548; x_wconf 86' lang='lat' dir='ltr'><strong>ex</strong></span> <span class='ocrx_word' id='word_1_161' title='bbox 961 1496 978 1548; x_wconf 91' lang='lat' dir='ltr'><strong>l.</strong></span> <span class='ocrx_word' id='word_1_162' title='bbox 1001 1495 1051 1548; x_wconf 93' lang='lat' dir='ltr'><strong>IV.</strong></span> 
     </span>
    </p>
   </div>
   <div class='ocr_carea' id='block_1_2' title="bbox 151 1578 1265 1921">
    <p class='ocr_par' dir='ltr' id='par_1_4' title="bbox 151 1578 1265 1921">
     <span class='ocr_line' id='line_1_17' title="bbox 236 1578 1263 1657; baseline 0.003 -15"><span class='ocrx_word' id='word_1_163' title='bbox 236 1579 293 1657; x_wconf 82' lang='lat'><strong>54)</strong></span> <span class='ocrx_word' id='word_1_164' title='bbox 332 1578 461 1645; x_wconf 85' lang='lat' dir='ltr'><strong>Eisdem</strong></span> <span class='ocrx_word' id='word_1_165' title='bbox 482 1581 592 1647; x_wconf 90' lang='lat' dir='ltr'><strong>diebus</strong></span> <span class='ocrx_word' id='word_1_166' title='bbox 613 1601 712 1647; x_wconf 88' lang='lat' dir='ltr'><strong>naves</strong></span> <span class='ocrx_word' id='word_1_167' title='bbox 735 1580 899 1647; x_wconf 81' lang='lat' dir='ltr'><strong>onerariae</strong></span> <span class='ocrx_word' id='word_1_168' title='bbox 912 1582 1091 1645; x_wconf 90' lang='lat' dir='ltr'><strong>Poenorum</strong></span> <span class='ocrx_word' id='word_1_169' title='bbox 1111 1580 1154 1644; x_wconf 92' lang='lat' dir='ltr'><strong>ad</strong></span> <span class='ocrx_word' id='word_1_170' title='bbox 1176 1589 1263 1645; x_wconf 89' lang='lat' dir='ltr'><strong>octo·</strong></span> 
     </span>
     <span class='ocr_line' id='line_1_18' title="bbox 151 1661 1264 1748; baseline 0.001 -21"><span class='ocrx_word' id='word_1_171' title='bbox 151 1661 243 1746; x_wconf 83' lang='lat' dir='ltr'><strong>ginta</strong></span> <span class='ocrx_word' id='word_1_172' title='bbox 272 1663 356 1729; x_wconf 90' lang='lat' dir='ltr'><strong>cirea</strong></span> <span class='ocrx_word' id='word_1_173' title='bbox 378 1664 558 1732; x_wconf 79' lang='lat' dir='ltr'><strong>Sardiniam</strong></span> <span class='ocrx_word' id='word_1_174' title='bbox 589 1668 630 1732; x_wconf 91' lang='lat' dir='ltr'><strong>ab</strong></span> <span class='ocrx_word' id='word_1_175' title='bbox 658 1666 712 1732; x_wconf 82' lang='lat' dir='ltr'><strong>Cn.</strong></span> <span class='ocrx_word' id='word_1_176' title='bbox 736 1665 868 1731; x_wconf 89' lang='lat' dir='ltr'><strong>Octavio</strong></span> <span class='ocrx_word' id='word_1_177' title='bbox 896 1664 949 1744; x_wconf 93' lang='lat' dir='ltr'><strong>qui</strong></span> <span class='ocrx_word' id='word_1_178' title='bbox 970 1665 1151 1747; x_wconf 86' lang='lat' dir='ltr'><strong>provinciae</strong></span> <span class='ocrx_word' id='word_1_179' title='bbox 1171 1684 1264 1748; x_wconf 88' lang='lat' dir='ltr'><strong>prae-</strong></span> 
     </span>
     <span class='ocr_line' id='line_1_19' title="bbox 152 1749 1265 1833; baseline 0.001 -20"><span class='ocrx_word' id='word_1_180' title='bbox 152 1755 220 1813; x_wconf 84' lang='lat' dir='ltr'><strong>erat</strong></span> <span class='ocrx_word' id='word_1_181' title='bbox 242 1755 362 1831; x_wconf 88' lang='lat' dir='ltr'><strong>ceptae.</strong></span> <span class='ocrx_word' id='word_1_182' title='bbox 398 1749 516 1833; x_wconf 83' lang='lat' dir='ltr'><strong>Captae</strong></span> <span class='ocrx_word' id='word_1_183' title='bbox 538 1752 664 1818; x_wconf 83' lang='lat' dir='ltr'><strong>Coelius</strong></span> <span class='ocrx_word' id='word_1_184' title='bbox 686 1751 842 1817; x_wconf 87' lang='lat' dir='ltr'><strong>frumento</strong></span> <span class='ocrx_word' id='word_1_185' title='bbox 864 1749 961 1814; x_wconf 88' lang='lat' dir='ltr'><strong>misso</strong></span> <span class='ocrx_word' id='word_1_186' title='bbox 985 1749 1028 1813; x_wconf 90' lang='lat' dir='ltr'><strong>ad</strong></span> <span class='ocrx_word' id='word_1_187' title='bbox 1051 1749 1265 1814; x_wconf 91' lang='lat' dir='ltr'><strong>Hannibalem</strong></span> 
     </span>
     <span class='ocr_line' id='line_1_20' title="bbox 151 1834 1265 1921; baseline 0.001 -23"><span class='ocrx_word' id='word_1_188' title='bbox 151 1841 393 1914; x_wconf 87' lang='lat' dir='ltr'><strong>commeatuque</strong></span> <span class='ocrx_word' id='word_1_189' title='bbox 405 1842 544 1918; x_wconf 87' lang='lat' dir='ltr'><strong>onustas,</strong></span> <span class='ocrx_word' id='word_1_190' title='bbox 567 1835 711 1902; x_wconf 90' lang='lat' dir='ltr'><strong>Valerius</strong></span> <span class='ocrx_word' id='word_1_191' title='bbox 726 1836 879 1921; x_wconf 87' lang='lat' dir='ltr'><strong>praedam</strong></span> <span class='ocrx_word' id='word_1_192' title='bbox 895 1835 1072 1913; x_wconf 83' lang='lat' dir='ltr'><strong>Etruscam,</strong></span> <span class='ocrx_word' id='word_1_193' title='bbox 1096 1834 1265 1918; x_wconf 89' lang='lat' dir='ltr'><strong>Ligurum-</strong></span> 
     </span>
    </p>
   </div>
   <div class='ocr_carea' id='block_1_3' title="bbox 151 1919 1264 2086">
    <p class='ocr_par' dir='ltr' id='par_1_5' title="bbox 151 1919 1264 2086">
     <span class='ocr_line' id='line_1_21' title="bbox 151 1919 1264 2004; baseline 0.004 -23"><span class='ocrx_word' id='word_1_194' title='bbox 151 1937 213 1998; x_wconf 88' lang='lat' dir='ltr'><strong>que</strong></span> <span class='ocrx_word' id='word_1_195' title='bbox 241 1929 273 1982; x_wconf 90' lang='lat' dir='ltr'><strong>et</strong></span> <span class='ocrx_word' id='word_1_196' title='bbox 300 1919 522 1984; x_wconf 88' lang='lat' dir='ltr'><strong>Montanorum</strong></span> <span class='ocrx_word' id='word_1_197' title='bbox 553 1922 696 2004; x_wconf 79' lang='lat' dir='ltr'><strong>captivos</strong></span> <span class='ocrx_word' id='word_1_198' title='bbox 722 1922 932 2003; x_wconf 79' lang='lat' dir='ltr'><strong>Kartaginem</strong></span> <span class='ocrx_word' id='word_1_199' title='bbox 964 1926 1126 2002; x_wconf 90' lang='lat' dir='ltr'><strong>portantes</strong></span> <span class='ocrx_word' id='word_1_200' title='bbox 1158 1919 1264 1986; x_wconf 88' lang='lat' dir='ltr'><strong>tradit.</strong></span> 
     </span>
     <span class='ocr_line' id='line_1_22' title="bbox 155 2001 463 2086; baseline 0.01 -21"><span class='ocrx_word' id='word_1_201' title='bbox 155 2001 223 2067; x_wconf 86' lang='lat' dir='ltr'><strong>Liv.</strong></span> <span class='ocrx_word' id='word_1_202' title='bbox 244 2001 395 2086; x_wconf 75' lang='lat' dir='ltr'>XXVIII,</span> <span class='ocrx_word' id='word_1_203' title='bbox 415 2005 463 2070; x_wconf 88' lang='grc'><strong>46.</strong></span> 
     </span>
    </p>
   </div>
   <div class='ocr_carea' id='block_1_4' title="bbox 188 2083 1262 2225">
    <p class='ocr_par' dir='ltr' id='par_1_6' title="bbox 188 2083 1262 2225">
     <span class='ocr_line' id='line_1_23' title="bbox 221 2083 1262 2157; baseline 0.001 -17"><span class='ocrx_word' id='word_1_204' title='bbox 221 2083 267 2140; x_wconf 86' lang='lat' dir='ltr'><strong>Sic</strong></span> <span class='ocrx_word' id='word_1_205' title='bbox 290 2086 349 2139; x_wconf 90' lang='lat' dir='ltr'><strong>iure</strong></span> <span class='ocrx_word' id='word_1_206' title='bbox 371 2085 436 2140; x_wconf 90' lang='lat' dir='ltr'><strong>mihi</strong></span> <span class='ocrx_word' id='word_1_207' title='bbox 459 2084 570 2140; x_wconf 89' lang='lat' dir='ltr'><strong>videtur</strong></span> <span class='ocrx_word' id='word_1_208' title='bbox 594 2087 737 2157; x_wconf 77' lang='lat' dir='ltr'><strong>scripsisse</strong></span> <span class='ocrx_word' id='word_1_209' title='bbox 767 2086 906 2141; x_wconf 84' lang='lat' dir='ltr'><strong>Hertzius.</strong></span> <span class='ocrx_word' id='word_1_210' title='bbox 936 2115 964 2124; x_wconf 85' lang='lat'>-</span> <span class='ocrx_word' id='word_1_211' title='bbox 989 2087 1032 2140; x_wconf 86' lang='lat' dir='ltr'><strong>De</strong></span> <span class='ocrx_word' id='word_1_212' title='bbox 1057 2103 1086 2140; x_wconf 90' lang='lat' dir='ltr'><strong>re</strong></span> <span class='ocrx_word' id='word_1_213' title='bbox 1109 2088 1177 2141; x_wconf 86' lang='lat' dir='ltr'><strong>satis</strong></span> <span class='ocrx_word' id='word_1_214' title='bbox 1209 2087 1262 2142; x_wconf 87' lang='lat' dir='ltr'><strong>levi</strong></span> 
     </span>
     <span class='ocr_line' id='line_1_24' title="bbox 188 2153 558 2225; baseline 0.005 -19"><span class='ocrx_word' id='word_1_215' title='bbox 188 2158 337 2225; x_wconf 86' lang='lat' dir='ltr'><strong>praeterea</strong></span> <span class='ocrx_word' id='word_1_216' title='bbox 354 2153 423 2208; x_wconf 89' lang='lat' dir='ltr'><strong>nihil</strong></span> <span class='ocrx_word' id='word_1_217' title='bbox 440 2160 558 2208; x_wconf 84' lang='lat' dir='ltr'><strong>constat.</strong></span> 
     </span>
    </p>
   </div>
   <div class='ocr_carea' id='block_1_5' title="bbox 150 2235 1264 2831">
    <p class='ocr_par' dir='ltr' id='par_1_7' title="bbox 150 2235 1264 2831">
     <span class='ocr_line' id='line_1_25' title="bbox 236 2235 1263 2320; baseline 0.002 -18"><span class='ocrx_word' id='word_1_218' title='bbox 236 2237 290 2317; x_wconf 80' lang='lat'><strong>55)</strong></span> <span class='ocrx_word' id='word_1_219' title='bbox 314 2237 475 2316; x_wconf 83' lang='lat' dir='ltr'><strong>Quantum</strong></span> <span class='ocrx_word' id='word_1_220' title='bbox 498 2238 631 2304; x_wconf 88' lang='lat' dir='ltr'><strong>militum</strong></span> <span class='ocrx_word' id='word_1_221' title='bbox 652 2236 685 2301; x_wconf 93' lang='lat' dir='ltr'><strong>in</strong></span> <span class='ocrx_word' id='word_1_222' title='bbox 697 2235 837 2301; x_wconf 86' lang='lat' dir='ltr'><strong>Africam</strong></span> <span class='ocrx_word' id='word_1_223' title='bbox 858 2242 1106 2320; x_wconf 83' lang='lat' dir='ltr'><strong>transportatum</strong></span> <span class='ocrx_word' id='word_1_224' title='bbox 1128 2238 1176 2317; x_wconf 82' lang='lat' dir='ltr'><strong>sit</strong></span> <span class='ocrx_word' id='word_1_225' title='bbox 1199 2260 1263 2306; x_wconf 92' lang='lat' dir='ltr'><strong>non</strong></span> 
     </span>
     <span class='ocr_line' id='line_1_26' title="bbox 151 2320 1263 2410; baseline 0.001 -22"><span class='ocrx_word' id='word_1_226' title='bbox 151 2341 252 2410; x_wconf 71' lang='lat' dir='ltr'><strong>parvo</strong></span> <span class='ocrx_word' id='word_1_227' title='bbox 272 2343 403 2390; x_wconf 92' lang='lat' dir='ltr'><strong>numero</strong></span> <span class='ocrx_word' id='word_1_228' title='bbox 426 2324 507 2388; x_wconf 89' lang='lat' dir='ltr'><strong>inter</strong></span> <span class='ocrx_word' id='word_1_229' title='bbox 528 2331 672 2389; x_wconf 82' lang='lat' dir='ltr'><strong>auctores</strong></span> <span class='ocrx_word' id='word_1_230' title='bbox 699 2320 856 2405; x_wconf 79' lang='lat' dir='ltr'><strong>discrepat</strong></span> <span class='ocrx_word' id='word_1_231' title='bbox 871 2371 921 2387; x_wconf 83' lang='lat'><strong>...</strong></span> <span class='ocrx_word' id='word_1_232' title='bbox 967 2320 1104 2399; x_wconf 84' lang='lat' dir='ltr'><strong>Quidam</strong></span> <span class='ocrx_word' id='word_1_233' title='bbox 1123 2344 1187 2388; x_wconf 91' lang='lat' dir='ltr'><strong>non</strong></span> <span class='ocrx_word' id='word_1_234' title='bbox 1207 2325 1263 2390; x_wconf 87' lang='lat' dir='ltr'><strong>ad-</strong></span> 
     </span>
     <span class='ocr_line' id='line_1_27' title="bbox 150 2406 1262 2492; baseline 0.005 -22"><span class='ocrx_word' id='word_1_235' title='bbox 150 2407 252 2472; x_wconf 88' lang='lat' dir='ltr'><strong>iecere</strong></span> <span class='ocrx_word' id='word_1_236' title='bbox 268 2427 443 2490; x_wconf 89' lang='lat' dir='ltr'><strong>numerum,</strong></span> <span class='ocrx_word' id='word_1_237' title='bbox 466 2409 548 2474; x_wconf 90' lang='lat' dir='ltr'><strong>inter</strong></span> <span class='ocrx_word' id='word_1_238' title='bbox 570 2427 649 2489; x_wconf 92' lang='lat' dir='ltr'><strong>quos</strong></span> <span class='ocrx_word' id='word_1_239' title='bbox 669 2427 721 2471; x_wconf 91' lang='lat' dir='ltr'><strong>me</strong></span> <span class='ocrx_word' id='word_1_240' title='bbox 740 2407 810 2490; x_wconf 88' lang='lat' dir='ltr'><strong>ipse</strong></span> <span class='ocrx_word' id='word_1_241' title='bbox 830 2406 863 2470; x_wconf 92' lang='lat' dir='ltr'><strong>in</strong></span> <span class='ocrx_word' id='word_1_242' title='bbox 883 2427 917 2471; x_wconf 89' lang='lat' dir='ltr'><strong>re</strong></span> <span class='ocrx_word' id='word_1_243' title='bbox 940 2407 1037 2472; x_wconf 91' lang='lat' dir='ltr'><strong>dubia</strong></span> <span class='ocrx_word' id='word_1_244' title='bbox 1056 2409 1132 2492; x_wconf 92' lang='lat' dir='ltr'><strong>poni</strong></span> <span class='ocrx_word' id='word_1_245' title='bbox 1146 2408 1262 2475; x_wconf 92' lang='lat' dir='ltr'><strong>malim.</strong></span> 
     </span>
     <span class='ocr_line' id='line_1_28' title="bbox 155 2491 1264 2575; baseline 0.004 -18"><span class='ocrx_word' id='word_1_246' title='bbox 155 2491 282 2557; x_wconf 73' lang='lat' dir='ltr'><strong>Coelius</strong></span> <span class='ocrx_word' id='word_1_247' title='bbox 302 2502 337 2558; x_wconf 89' lang='lat' dir='ltr'><strong>ut</strong></span> <span class='ocrx_word' id='word_1_248' title='bbox 358 2493 496 2560; x_wconf 87' lang='lat' dir='ltr'><strong>abstinet</strong></span> <span class='ocrx_word' id='word_1_249' title='bbox 515 2512 662 2575; x_wconf 89' lang='lat' dir='ltr'><strong>numero,</strong></span> <span class='ocrx_word' id='word_1_250' title='bbox 694 2491 740 2555; x_wconf 83' lang='lat' dir='ltr'><strong>ita</strong></span> <span class='ocrx_word' id='word_1_251' title='bbox 767 2491 810 2555; x_wconf 88' lang='lat' dir='ltr'><strong>ad</strong></span> <span class='ocrx_word' id='word_1_252' title='bbox 838 2492 1026 2556; x_wconf 89' lang='lat' dir='ltr'><strong>immensum</strong></span> <span class='ocrx_word' id='word_1_253' title='bbox 1054 2493 1264 2560; x_wconf 90' lang='lat' dir='ltr'><strong>multitudinis</strong></span> 
     </span>
     <span class='ocr_line' id='line_1_29' title="bbox 154 2575 1262 2662; baseline 0.002 -20"><span class='ocrx_word' id='word_1_254' title='bbox 154 2575 291 2658; x_wconf 85' lang='lat' dir='ltr'><strong>speciem</strong></span> <span class='ocrx_word' id='word_1_255' title='bbox 307 2586 409 2662; x_wconf 89' lang='lat' dir='ltr'><strong>auget.</strong></span> <span class='ocrx_word' id='word_1_256' title='bbox 439 2579 591 2644; x_wconf 88' lang='lat' dir='ltr'><strong>Volucres</strong></span> <span class='ocrx_word' id='word_1_257' title='bbox 605 2577 648 2642; x_wconf 89' lang='lat' dir='ltr'><strong>ad</strong></span> <span class='ocrx_word' id='word_1_258' title='bbox 666 2583 782 2642; x_wconf 89' lang='lat' dir='ltr'><strong>terram</strong></span> <span class='ocrx_word' id='word_1_259' title='bbox 796 2576 944 2660; x_wconf 87' lang='lat' dir='ltr'><strong>delapsos</strong></span> <span class='ocrx_word' id='word_1_260' title='bbox 966 2577 1104 2643; x_wconf 89' lang='lat' dir='ltr'><strong>clamore</strong></span> <span class='ocrx_word' id='word_1_261' title='bbox 1121 2579 1262 2658; x_wconf 81' lang='lat' dir='ltr'><strong>militum,</strong></span> 
     </span>
     <span class='ocr_line' id='line_1_30' title="bbox 152 2661 1262 2746; baseline 0.003 -20"><span class='ocrx_word' id='word_1_262' title='bbox 152 2668 249 2741; x_wconf 85' lang='lat' dir='ltr'><strong>atque</strong></span> <span class='ocrx_word' id='word_1_263' title='bbox 270 2668 391 2728; x_wconf 89' lang='lat' dir='ltr'><strong>tantam</strong></span> <span class='ocrx_word' id='word_1_264' title='bbox 420 2663 651 2729; x_wconf 87' lang='lat' dir='ltr'><strong>multitudinem</strong></span> <span class='ocrx_word' id='word_1_265' title='bbox 674 2661 896 2728; x_wconf 84' lang='lat' dir='ltr'><strong>conscendisse</strong></span> <span class='ocrx_word' id='word_1_266' title='bbox 916 2681 1029 2746; x_wconf 87' lang='lat' dir='ltr'><strong>naves,</strong></span> <span class='ocrx_word' id='word_1_267' title='bbox 1059 2670 1094 2727; x_wconf 90' lang='lat' dir='ltr'><strong>ut</strong></span> <span class='ocrx_word' id='word_1_268' title='bbox 1115 2682 1208 2730; x_wconf 90' lang='lat' dir='ltr'><strong>nemo</strong></span> <span class='ocrx_word' id='word_1_269' title='bbox 1230 2665 1262 2729; x_wconf 91' lang='lat' dir='ltr'><strong>in</strong></span> 
     </span>
     <span class='ocr_line' id='line_1_31' title="bbox 153 2746 1174 2831; baseline 0.004 -21"><span class='ocrx_word' id='word_1_270' title='bbox 153 2746 249 2811; x_wconf 89' lang='lat' dir='ltr'><strong>Italia</strong></span> <span class='ocrx_word' id='word_1_271' title='bbox 268 2755 324 2814; x_wconf 89' lang='lat' dir='ltr'><strong>aut</strong></span> <span class='ocrx_word' id='word_1_272' title='bbox 344 2749 377 2815; x_wconf 91' lang='lat' dir='ltr'><strong>in</strong></span> <span class='ocrx_word' id='word_1_273' title='bbox 399 2749 507 2816; x_wconf 86' lang='lat' dir='ltr'><strong>Sicilia</strong></span> <span class='ocrx_word' id='word_1_274' title='bbox 526 2748 660 2831; x_wconf 90' lang='lat' dir='ltr'><strong>relinqui</strong></span> <span class='ocrx_word' id='word_1_275' title='bbox 680 2747 849 2813; x_wconf 78' lang='lat' dir='ltr'><strong>videretur.</strong></span> <span class='ocrx_word' id='word_1_276' title='bbox 891 2747 958 2812; x_wconf 86' lang='lat' dir='ltr'><strong>Liv.</strong></span> <span class='ocrx_word' id='word_1_277' title='bbox 981 2749 1102 2830; x_wconf 87' lang='lat' dir='ltr'>XXIX,</span> <span class='ocrx_word' id='word_1_278' title='bbox 1124 2750 1174 2815; x_wconf 81' lang='lat'><strong>25.</strong></span> 
     </span>
    </p>
   </div>
   <div class='ocr_carea' id='block_1_6' title="bbox 148 2848 1260 3526">
    <p class='ocr_par' dir='ltr' id='par_1_8' title="bbox 148 2848 1260 3526">
     <span class='ocr_line' id='line_1_32' title="bbox 236 2848 1260 2936; baseline 0.003 -23"><span class='ocrx_word' id='word_1_279' title='bbox 236 2850 290 2928; x_wconf 79' lang='lat'><strong>56&gt;</strong></span> <span class='ocrx_word' id='word_1_280' title='bbox 321 2853 511 2936; x_wconf 88' lang='lat' dir='ltr'><strong>Prosperam</strong></span> <span class='ocrx_word' id='word_1_281' title='bbox 538 2849 775 2932; x_wconf 89' lang='lat' dir='ltr'><strong>navigationem</strong></span> <span class='ocrx_word' id='word_1_282' title='bbox 807 2848 876 2911; x_wconf 91' lang='lat' dir='ltr'><strong>sine</strong></span> <span class='ocrx_word' id='word_1_283' title='bbox 911 2857 1029 2914; x_wconf 89' lang='lat' dir='ltr'><strong>terrore</strong></span> <span class='ocrx_word' id='word_1_284' title='bbox 1057 2871 1095 2914; x_wconf 89' lang='lat' dir='ltr'><strong>ac</strong></span> <span class='ocrx_word' id='word_1_285' title='bbox 1123 2851 1260 2916; x_wconf 85' lang='lat' dir='ltr'><strong>tumultu</strong></span> 
     </span>
     <span class='ocr_line' id='line_1_33' title="bbox 150 2931 1259 3018; baseline 0.001 -20"><span class='ocrx_word' id='word_1_286' title='bbox 150 2933 248 3002; x_wconf 81' lang='lat' dir='ltr'><strong>fuisse</strong></span> <span class='ocrx_word' id='word_1_287' title='bbox 268 2937 432 3018; x_wconf 89' lang='lat' dir='ltr'><strong>permultis</strong></span> <span class='ocrx_word' id='word_1_288' title='bbox 454 2936 586 3000; x_wconf 85' lang='lat' dir='ltr'><strong>Graecis</strong></span> <span class='ocrx_word' id='word_1_289' title='bbox 609 2932 791 3013; x_wconf 84' lang='lat' dir='ltr'><strong>Latinisque</strong></span> <span class='ocrx_word' id='word_1_290' title='bbox 811 2931 990 2998; x_wconf 87' lang='lat' dir='ltr'><strong>auctoribus</strong></span> <span class='ocrx_word' id='word_1_291' title='bbox 1011 2935 1138 2999; x_wconf 89' lang='lat' dir='ltr'><strong>credidi.</strong></span> <span class='ocrx_word' id='word_1_292' title='bbox 1182 2935 1259 3000; x_wconf 79' lang='lat' dir='ltr'><strong>Goe-</strong></span> 
     </span>
     <span class='ocr_line' id='line_1_34' title="bbox 150 3015 1260 3102; baseline -0.001 -18"><span class='ocrx_word' id='word_1_293' title='bbox 150 3019 210 3084; x_wconf 89' lang='lat' dir='ltr'><strong>lius</strong></span> <span class='ocrx_word' id='word_1_294' title='bbox 238 3029 462 3102; x_wconf 87' lang='lat' dir='ltr'><strong>praeterquam</strong></span> <span class='ocrx_word' id='word_1_295' title='bbox 484 3017 570 3098; x_wconf 91' lang='lat' dir='ltr'><strong>quod</strong></span> <span class='ocrx_word' id='word_1_296' title='bbox 592 3037 655 3082; x_wconf 89' lang='lat' dir='ltr'><strong>non</strong></span> <span class='ocrx_word' id='word_1_297' title='bbox 678 3037 798 3082; x_wconf 87' lang='lat' dir='ltr'><strong>mersas</strong></span> <span class='ocrx_word' id='word_1_298' title='bbox 822 3015 966 3081; x_wconf 88' lang='lat' dir='ltr'><strong>fluctibus</strong></span> <span class='ocrx_word' id='word_1_299' title='bbox 986 3037 1102 3102; x_wconf 86' lang='lat' dir='ltr'><strong>naves,</strong></span> <span class='ocrx_word' id='word_1_300' title='bbox 1139 3025 1260 3085; x_wconf 88' lang='lat' dir='ltr'><strong>ceteros</strong></span> 
     </span>
     <span class='ocr_line' id='line_1_35' title="bbox 153 3102 1260 3188; baseline 0.004 -24"><span class='ocrx_word' id='word_1_301' title='bbox 153 3121 263 3167; x_wconf 89' lang='lat' dir='ltr'><strong>omnes</strong></span> <span class='ocrx_word' id='word_1_302' title='bbox 285 3107 438 3170; x_wconf 88' lang='lat' dir='ltr'><strong>coelestes</strong></span> <span class='ocrx_word' id='word_1_303' title='bbox 467 3102 704 3184; x_wconf 83' lang='lat' dir='ltr'><strong>maritimosque</strong></span> <span class='ocrx_word' id='word_1_304' title='bbox 724 3109 874 3182; x_wconf 88' lang='lat' dir='ltr'><strong>terrores,</strong></span> <span class='ocrx_word' id='word_1_305' title='bbox 907 3109 1068 3183; x_wconf 90' lang='lat' dir='ltr'><strong>postremo</strong></span> <span class='ocrx_word' id='word_1_306' title='bbox 1097 3103 1260 3188; x_wconf 88' lang='lat' dir='ltr'><strong>abreptam</strong></span> 
     </span>
     <span class='ocr_line' id='line_1_36' title="bbox 152 3186 1260 3272; baseline 0.004 -23"><span class='ocrx_word' id='word_1_307' title='bbox 152 3191 342 3270; x_wconf 89' lang='lat' dir='ltr'><strong>tempestate</strong></span> <span class='ocrx_word' id='word_1_308' title='bbox 364 3188 404 3253; x_wconf 91' lang='lat' dir='ltr'><strong>ab</strong></span> <span class='ocrx_word' id='word_1_309' title='bbox 425 3188 532 3253; x_wconf 85' lang='lat' dir='ltr'><strong>Africa</strong></span> <span class='ocrx_word' id='word_1_310' title='bbox 553 3189 686 3253; x_wconf 87' lang='lat' dir='ltr'><strong>classem</strong></span> <span class='ocrx_word' id='word_1_311' title='bbox 709 3187 753 3251; x_wconf 90' lang='lat' dir='ltr'><strong>ad</strong></span> <span class='ocrx_word' id='word_1_312' title='bbox 777 3186 914 3250; x_wconf 90' lang='lat' dir='ltr'><strong>insulam</strong></span> <span class='ocrx_word' id='word_1_313' title='bbox 934 3187 1157 3272; x_wconf 85' lang='lat' dir='ltr'><strong>Aegimurum,</strong></span> <span class='ocrx_word' id='word_1_314' title='bbox 1186 3189 1260 3254; x_wconf 92' lang='lat' dir='ltr'><strong>inde</strong></span> 
     </span>
     <span class='ocr_line' id='line_1_37' title="bbox 150 3271 1258 3356; baseline 0.005 -23"><span class='ocrx_word' id='word_1_315' title='bbox 150 3290 246 3352; x_wconf 89' lang='lat' dir='ltr'><strong>aegre</strong></span> <span class='ocrx_word' id='word_1_316' title='bbox 273 3281 447 3338; x_wconf 88' lang='lat' dir='ltr'><strong>correctum</strong></span> <span class='ocrx_word' id='word_1_317' title='bbox 473 3292 599 3337; x_wconf 89' lang='lat' dir='ltr'><strong>cursum</strong></span> <span class='ocrx_word' id='word_1_318' title='bbox 619 3272 764 3356; x_wconf 80' lang='lat' dir='ltr'><strong>exponit3</strong></span> <span class='ocrx_word' id='word_1_319' title='bbox 800 3277 832 3335; x_wconf 91' lang='lat' dir='ltr'><strong>et</strong></span> <span class='ocrx_word' id='word_1_320' title='bbox 859 3291 958 3355; x_wconf 89' lang='lat' dir='ltr'><strong>prope</strong></span> <span class='ocrx_word' id='word_1_321' title='bbox 985 3271 1103 3340; x_wconf 87' lang='lat' dir='ltr'><strong>obrutis</strong></span> <span class='ocrx_word' id='word_1_322' title='bbox 1125 3275 1258 3339; x_wconf 88' lang='lat' dir='ltr'><strong>navibus</strong></span> 
     </span>
     <span class='ocr_line' id='line_1_38' title="bbox 149 3353 1259 3444; baseline 0.002 -24"><span class='ocrx_word' id='word_1_323' title='bbox 149 3353 271 3424; x_wconf 89' lang='lat' dir='ltr'><strong>iniussu</strong></span> <span class='ocrx_word' id='word_1_324' title='bbox 291 3358 490 3441; x_wconf 84' lang='lat' dir='ltr'><strong>imperatoris</strong></span> <span class='ocrx_word' id='word_1_325' title='bbox 511 3358 638 3444; x_wconf 85' lang='lat' dir='ltr'><strong>scaphis</strong></span> <span class='ocrx_word' id='word_1_326' title='bbox 659 3357 744 3422; x_wconf 90' lang='lat' dir='ltr'><strong>haud</strong></span> <span class='ocrx_word' id='word_1_327' title='bbox 766 3375 858 3422; x_wconf 89' lang='lat' dir='ltr'><strong>secus</strong></span> <span class='ocrx_word' id='word_1_328' title='bbox 888 3376 984 3436; x_wconf 92' lang='lat' dir='ltr'><strong>quam</strong></span> <span class='ocrx_word' id='word_1_329' title='bbox 1005 3361 1180 3441; x_wconf 82' lang='lat' dir='ltr'><strong>naufragos</strong></span> <span class='ocrx_word' id='word_1_330' title='bbox 1202 3359 1259 3422; x_wconf 92' lang='lat' dir='ltr'><strong>mi-</strong></span> 
     </span>
     <span class='ocr_line' id='line_1_39' title="bbox 148 3439 1257 3526; baseline 0.005 -22"><span class='ocrx_word' id='word_1_331' title='bbox 148 3439 218 3506; x_wconf 90' lang='lat' dir='ltr'><strong>lites</strong></span> <span class='ocrx_word' id='word_1_332' title='bbox 248 3441 316 3508; x_wconf 91' lang='lat' dir='ltr'><strong>sine</strong></span> <span class='ocrx_word' id='word_1_333' title='bbox 349 3443 445 3509; x_wconf 89' lang='lat' dir='ltr'><strong>armis</strong></span> <span class='ocrx_word' id='word_1_334' title='bbox 476 3463 548 3510; x_wconf 89' lang='lat' dir='ltr'><strong>oum</strong></span> <span class='ocrx_word' id='word_1_335' title='bbox 582 3443 704 3526; x_wconf 80' lang='lat' dir='ltr'><strong>ingenti</strong></span> <span class='ocrx_word' id='word_1_336' title='bbox 733 3441 870 3508; x_wconf 90' lang='lat' dir='ltr'><strong>tumultu</strong></span> <span class='ocrx_word' id='word_1_337' title='bbox 900 3444 931 3506; x_wconf 91' lang='lat' dir='ltr'><strong>in</strong></span> <span class='ocrx_word' id='word_1_338' title='bbox 962 3451 1077 3510; x_wconf 89' lang='lat' dir='ltr'><strong>terram</strong></span> <span class='ocrx_word' id='word_1_339' title='bbox 1109 3442 1257 3509; x_wconf 85' lang='lat' dir='ltr'><strong>evasisse.</strong></span> 
     </span>
    </p>
   </div>
   <div class='ocr_carea' id='block_1_7' title="bbox 151 3525 438 3613">
    <p class='ocr_par' dir='ltr' id='par_1_9' title="bbox 151 3525 438 3613">
     <span class='ocr_line' id='line_1_40' title="bbox 151 3525 438 3613; baseline 0.024 -25"><span class='ocrx_word' id='word_1_340' title='bbox 151 3525 220 3590; x_wconf 78' lang='lat' dir='ltr'><strong>mv.</strong></span> <span class='ocrx_word' id='word_1_341' title='bbox 243 3527 363 3613; x_wconf 82' lang='lat' dir='ltr'><strong>xxm,</strong></span> <span class='ocrx_word' id='word_1_342' title='bbox 388 3531 438 3595; x_wconf 80' lang='lat'><strong>27.</strong></span> 
     </span>
    </p>
   </div>
   <div class='ocr_carea' id='block_1_8' title="bbox 181 3608 1263 4090">
    <p class='ocr_par' dir='ltr' id='par_1_10' title="bbox 181 3608 1263 4090">
     <span class='ocr_line' id='line_1_41' title="bbox 217 3608 1262 3682; baseline 0.001 -19"><span class='ocrx_word' id='word_1_343' title='bbox 217 3608 261 3664; x_wconf 90' lang='lat' dir='ltr'><strong>Dc</strong></span> <span class='ocrx_word' id='word_1_344' title='bbox 284 3613 400 3667; x_wconf 89' lang='lat' dir='ltr'><strong>militum</strong></span> <span class='ocrx_word' id='word_1_345' title='bbox 424 3631 538 3667; x_wconf 88' lang='lat' dir='ltr'><strong>numero</strong></span> <span class='ocrx_word' id='word_1_346' title='bbox 562 3613 610 3668; x_wconf 89' lang='lat' dir='ltr'><strong>illo</strong></span> <span class='ocrx_word' id='word_1_347' title='bbox 636 3618 782 3682; x_wconf 86' lang='lat' dir='ltr'><strong>praeterea</strong></span> <span class='ocrx_word' id='word_1_348' title='bbox 810 3609 879 3664; x_wconf 88' lang='lat' dir='ltr'><strong>nihil</strong></span> <span class='ocrx_word' id='word_1_349' title='bbox 910 3615 1036 3677; x_wconf 78' lang='lat' dir='ltr'><strong>constat3</strong></span> <span class='ocrx_word' id='word_1_350' title='bbox 1065 3627 1099 3664; x_wconf 85' lang='lat' dir='ltr'><strong>ac</strong></span> <span class='ocrx_word' id='word_1_351' title='bbox 1128 3627 1195 3664; x_wconf 79' lang='lat' dir='ltr'><strong>sane</strong></span> <span class='ocrx_word' id='word_1_352' title='bbox 1218 3627 1262 3665; x_wconf 87' lang='lat' dir='ltr'><strong>res</strong></span> 
     </span>
     <span class='ocr_line' id='line_1_42' title="bbox 184 3675 1263 3750; baseline 0.002 -19"><span class='ocrx_word' id='word_1_353' title='bbox 184 3683 261 3732; x_wconf 86' lang='lat' dir='ltr'><strong>certo</strong></span> <span class='ocrx_word' id='word_1_354' title='bbox 280 3684 324 3735; x_wconf 82' lang='lat' dir='ltr'><strong>vix</strong></span> <span class='ocrx_word' id='word_1_355' title='bbox 344 3682 448 3750; x_wconf 90' lang='lat' dir='ltr'><strong>poterit</strong></span> <span class='ocrx_word' id='word_1_356' title='bbox 478 3681 630 3736; x_wconf 90' lang='lat' dir='ltr'><strong>diiudicari.</strong></span> <span class='ocrx_word' id='word_1_357' title='bbox 672 3681 741 3734; x_wconf 89' lang='lat' dir='ltr'><strong>ltem</strong></span> <span class='ocrx_word' id='word_1_358' title='bbox 762 3680 808 3749; x_wconf 91' lang='lat' dir='ltr'><strong>qui</strong></span> <span class='ocrx_word' id='word_1_359' title='bbox 825 3675 886 3730; x_wconf 85' lang='lat' dir='ltr'><strong>fieri</strong></span> <span class='ocrx_word' id='word_1_360' title='bbox 903 3679 1038 3747; x_wconf 78' lang='lat' dir='ltr'><strong>potuerit,</strong></span> <span class='ocrx_word' id='word_1_361' title='bbox 1063 3685 1094 3730; x_wconf 92' lang='lat' dir='ltr'><strong>ut</strong></span> <span class='ocrx_word' id='word_1_362' title='bbox 1116 3684 1194 3732; x_wconf 86' lang='lat' dir='ltr'><strong>tanto</strong></span> <span class='ocrx_word' id='word_1_363' title='bbox 1217 3696 1263 3733; x_wconf 89' lang='lat' dir='ltr'><strong>ere</strong></span> 
     </span>
     <span class='ocr_line' id='line_1_43' title="bbox 185 3695 1263 3819; baseline 0.003 -20"><span class='ocrx_word' id='word_1_364' title='bbox 185 3743 297 3801; x_wconf 82' lang='lat' dir='ltr'><strong>Coelius</strong></span> <span class='ocrx_word' id='word_1_365' title='bbox 311 3765 371 3802; x_wconf 90' lang='lat' dir='ltr'><strong>eam</strong></span> <span class='ocrx_word' id='word_1_366' title='bbox 389 3755 507 3819; x_wconf 81' lang='lat' dir='ltr'><strong>augeret</strong></span> <span class='ocrx_word' id='word_1_367' title='bbox 529 3756 558 3804; x_wconf 89' lang='lat' dir='ltr'><strong>et</strong></span> <span class='ocrx_word' id='word_1_368' title='bbox 577 3751 606 3803; x_wconf 90' lang='lat' dir='ltr'><strong>in</strong></span> <span class='ocrx_word' id='word_1_369' title='bbox 626 3748 785 3803; x_wconf 88' lang='lat' dir='ltr'><strong>fabularum</strong></span> <span class='ocrx_word' id='word_1_370' title='bbox 806 3745 917 3798; x_wconf 86' lang='lat' dir='ltr'><strong>modum</strong></span> <span class='ocrx_word' id='word_1_371' title='bbox 935 3754 1094 3811; x_wconf 81' lang='lat' dir='ltr'><strong>exornaret,</strong></span> <span class='ocrx_word' id='word_1_372' title='bbox 1117 3764 1160 3800; x_wconf 92' lang='lat' dir='ltr'><strong>me</strong></span> <span class='ocrx_word' id='word_1_373' title='bbox 1179 3695 1263 3816; x_wconf 59' lang='lat' dir='ltr'><strong>plane</strong></span> 
     </span>
     <span class='ocr_line' id='line_1_44' title="bbox 182 3814 1261 3885; baseline 0.002 -18"><span class='ocrx_word' id='word_1_374' title='bbox 182 3832 238 3868; x_wconf 91' lang='lat' dir='ltr'><strong>uon</strong></span> <span class='ocrx_word' id='word_1_375' title='bbox 260 3815 424 3885; x_wconf 88' lang='lat' dir='ltr'><strong>intellegere</strong></span> <span class='ocrx_word' id='word_1_376' title='bbox 448 3817 548 3871; x_wconf 76' lang='lat' dir='ltr'><strong>fateor,</strong></span> <span class='ocrx_word' id='word_1_377' title='bbox 589 3817 633 3870; x_wconf 93' lang='lat' dir='ltr'><strong>De</strong></span> <span class='ocrx_word' id='word_1_378' title='bbox 656 3815 689 3869; x_wconf 84' lang='lat' dir='ltr'><strong>fr.</strong></span> <span class='ocrx_word' id='word_1_379' title='bbox 713 3815 755 3868; x_wconf 75' lang='grc'><strong>56.</strong></span> <span class='ocrx_word' id='word_1_380' title='bbox 780 3831 803 3866; x_wconf 84' lang='lat' dir='ltr'><strong>v.</strong></span> <span class='ocrx_word' id='word_1_381' title='bbox 829 3829 900 3881; x_wconf 91' lang='lat' dir='ltr'><strong>quae</strong></span> <span class='ocrx_word' id='word_1_382' title='bbox 924 3829 1009 3880; x_wconf 87' lang='lat' dir='ltr'><strong>supra</strong></span> <span class='ocrx_word' id='word_1_383' title='bbox 1027 3814 1062 3866; x_wconf 87' lang='lat' dir='ltr'><strong>ad</strong></span> <span class='ocrx_word' id='word_1_384' title='bbox 1079 3815 1112 3866; x_wconf 87' lang='lat' dir='ltr'><strong>fr.</strong></span> <span class='ocrx_word' id='word_1_385' title='bbox 1134 3814 1175 3868; x_wconf 73' lang='lat'><strong>25.</strong></span> <span class='ocrx_word' id='word_1_386' title='bbox 1201 3832 1261 3885; x_wconf 89' lang='lat' dir='ltr'><strong>pro·</strong></span> 
     </span>
     <span class='ocr_line' id='line_1_45' title="bbox 185 3879 1263 4000; baseline 0.002 -65"><span class='ocrx_word' id='word_1_387' title='bbox 185 3884 276 3954; x_wconf 88' lang='lat' dir='ltr'><strong>posui.</strong></span> <span class='ocrx_word' id='word_1_388' title='bbox 312 3884 470 3954; x_wconf 90' lang='lat' dir='ltr'><strong>Utrumque</strong></span> <span class='ocrx_word' id='word_1_389' title='bbox 488 3884 611 3953; x_wconf 87' lang='lat' dir='ltr'><strong>pertinet</strong></span> <span class='ocrx_word' id='word_1_390' title='bbox 633 3883 668 3938; x_wconf 85' lang='lat' dir='ltr'><strong>ad</strong></span> <span class='ocrx_word' id='word_1_391' title='bbox 687 3884 705 3937; x_wconf 86' lang='lat' dir='ltr'><strong>l.</strong></span> <span class='ocrx_word' id='word_1_392' title='bbox 726 3883 780 3947; x_wconf 83' lang='lat' dir='ltr'><strong>Vl,</strong></span> <span class='ocrx_word' id='word_1_393' title='bbox 804 3897 885 4000; x_wconf 74' lang='lat' dir='ltr'><strong>quern</strong></span> <span class='ocrx_word' id='word_1_394' title='bbox 911 3879 1023 3949; x_wconf 87' lang='lat' dir='ltr'><strong>quidem</strong></span> <span class='ocrx_word' id='word_1_395' title='bbox 1047 3881 1082 3935; x_wconf 90' lang='lat' dir='ltr'><strong>ab</strong></span> <span class='ocrx_word' id='word_1_396' title='bbox 1105 3882 1159 3936; x_wconf 91' lang='lat' dir='ltr'><strong>hoc</strong></span> <span class='ocrx_word' id='word_1_397' title='bbox 1181 3900 1263 3952; x_wconf 86' lang='lat' dir='ltr'><strong>anno,</strong></span> 
     </span>
     <span class='ocr_line' id='line_1_46' title="bbox 181 3951 1261 4022; baseline 0.001 -18"><span class='ocrx_word' id='word_1_398' title='bbox 181 3967 238 4021; x_wconf 85' lang='lat' dir='ltr'><strong>quo</strong></span> <span class='ocrx_word' id='word_1_399' title='bbox 258 3951 353 4022; x_wconf 86' lang='lat' dir='ltr'><strong>Scipio</strong></span> <span class='ocrx_word' id='word_1_400' title='bbox 376 3953 583 4018; x_wconf 76' lang='lat' dir='ltr'><strong>conculcaret,</strong></span> <span class='ocrx_word' id='word_1_401' title='bbox 611 3952 672 4005; x_wconf 86' lang='lat' dir='ltr'><strong>inee</strong></span> <span class='ocrx_word' id='word_1_402' title='bbox 695 3953 749 4003; x_wconf 85' lang='lat' dir='ltr'><strong>iaso</strong></span> <span class='ocrx_word' id='word_1_403' title='bbox 777 3965 811 4000; x_wconf 83' lang='lat' dir='ltr'><strong>ve.</strong></span> <span class='ocrx_word' id='word_1_404' title='bbox 847 3965 898 4016; x_wconf 91' lang='lat' dir='ltr'><strong>pro</strong></span> <span class='ocrx_word' id='word_1_405' title='bbox 916 3954 993 4001; x_wconf 89' lang='lat' dir='ltr'><strong>certo</strong></span> <span class='ocrx_word' id='word_1_406' title='bbox 1014 3967 1118 4017; x_wconf 88' lang='lat' dir='ltr'><strong>ponere</strong></span> <span class='ocrx_word' id='word_1_407' title='bbox 1137 3952 1211 4006; x_wconf 89' lang='lat' dir='ltr'><strong>licet.</strong></span> <span class='ocrx_word' id='word_1_408' title='bbox 1231 3985 1261 3994; x_wconf 94' lang='lat'>-</span> 
     </span>
     <span class='ocr_line' id='line_1_47' title="bbox 184 4015 905 4090; baseline -0.007 -17"><span class='ocrx_word' id='word_1_409' title='bbox 184 4020 227 4074; x_wconf 88' lang='lat' dir='ltr'><strong>lle</strong></span> <span class='ocrx_word' id='word_1_410' title='bbox 247 4021 332 4075; x_wconf 88' lang='lat' dir='ltr'><strong>locut.</strong></span> <span class='ocrx_word' id='word_1_411' title='bbox 353 4038 450 4090; x_wconf 85' lang='lat' dir='ltr'><strong>„nemo</strong></span> <span class='ocrx_word' id='word_1_412' title='bbox 469 4021 596 4074; x_wconf 84' lang='lat' dir='ltr'><strong>mortal.“</strong></span> <span class='ocrx_word' id='word_1_413' title='bbox 616 4020 652 4072; x_wconf 79' lang='lat' dir='ltr'><strong>ct.</strong></span> <span class='ocrx_word' id='word_1_414' title='bbox 700 4019 746 4072; x_wconf 89' lang='lat' dir='ltr'><strong>cll.</strong></span> <span class='ocrx_word' id='word_1_415' title='bbox 763 4015 846 4080; x_wconf 86' lang='grc' dir='ltr'>ΧΙΙΙ,</span> <span class='ocrx_word' id='word_1_416' title='bbox 864 4015 905 4068; x_wconf 74' lang='lat'><strong>28.</strong></span> 
     </span>
    </p>
   </div>
   <div class='ocr_carea' id='block_1_9' title="bbox 231 4099 1263 4257">
    <p class='ocr_par' dir='ltr' id='par_1_11' title="bbox 231 4099 1263 4257">
     <span class='ocr_line' id='line_1_48' title="bbox 231 4099 1263 4188; baseline -0.001 -17"><span class='ocrx_word' id='word_1_417' title='bbox 231 4105 284 4188; x_wconf 80' lang='lat'><strong>57)</strong></span> <span class='ocrx_word' id='word_1_418' title='bbox 314 4108 401 4174; x_wconf 91' lang='lat' dir='ltr'><strong>Duos</strong></span> <span class='ocrx_word' id='word_1_419' title='bbox 425 4105 538 4172; x_wconf 90' lang='lat' dir='ltr'><strong>eodem</strong></span> <span class='ocrx_word' id='word_1_420' title='bbox 560 4104 687 4168; x_wconf 91' lang='lat' dir='ltr'><strong>nomine</strong></span> <span class='ocrx_word' id='word_1_421' title='bbox 709 4099 998 4184; x_wconf 88' lang='lat' dir='ltr'><strong>Kartaginiensium</strong></span> <span class='ocrx_word' id='word_1_422' title='bbox 1023 4101 1118 4169; x_wconf 89' lang='lat' dir='ltr'><strong>duces</strong></span> <span class='ocrx_word' id='word_1_423' title='bbox 1141 4104 1263 4171; x_wconf 88' lang='lat' dir='ltr'><strong>duobus</strong></span> 
     </span>
     <span class='ocr_line' id='line_1_49' title="bbox 1039 4205 1055 4257; baseline 0 0"><span class='ocrx_word' id='word_1_424' title='bbox 1039 4205 1055 4257; x_wconf 88' lang='lat'><strong>3</strong></span> 
     </span>
    </p>
   </div>
   <div class='ocr_carea' id='block_1_10' title="bbox 0 0 1516 4870">
    <p class='ocr_par' dir='ltr' id='par_1_12' title="bbox 0 0 1516 4870">
     <span class='ocr_line' id='line_1_50' title="bbox 0 0 1516 4870; baseline 0 2"><span class='ocrx_word' id='word_1_425' title='bbox 0 0 1516 4870; x_wconf 95' lang='lat' dir='ltr'><strong> </strong></span> 
     </span>
    </p>
   </div>
  </div>
 </body>
</html>
