3024 4870
759 287 781 354 q

214 467 464 530 enumeraretur:
486 461 616 528 nonita
637 466 783 528 accurate
805 455 881 523 mihi
902 455 1050 554 videntur
1070 455 1181 540 egisse,
1224 455 1326 534 Multo

216 548 343 616 maioris
365 547 448 614 eninr
469 545 502 610 in
523 545 584 610 hac
605 565 640 612 re
660 543 811 620 momenti
832 548 905 608 sunt
926 541 987 606 loci
1007 541 1052 606 illr
1070 559 1148 623 quos
1163 562 1261 628 supra
1279 552 1327 613 at-

215 633 273 698 tuli
294 653 313 698 e
332 633 363 701 ll.
388 632 429 696 de
448 632 509 713 leg.
532 630 623 698 etde
644 651 706 708 or.,
737 630 771 694 in
801 627 913 710 quibus
945 646 1032 691 mere
1062 627 1325 718 chronologicam,

214 737 309 799 quam
318 736 432 785 vocare
443 715 627 792 mihiliceat,
635 715 790 780 rationem
798 713 905 777 valere
913 711 994 776 ultro
1005 713 1189 796 apparet,id
1197 713 1327 793 quodiu

215 803 304 868 Bruti
324 803 437 887 locum,
463 807 547 866 certe
570 800 615 866 sic
635 799 825 883 simpliciter,
848 817 912 862 non
933 797 1026 862 cadit
1067 797 1179 880 Itaque
1190 797 1325 883 Coelius,

214 896 367 969 quantum
390 906 450 970 ego
473 886 584 968 video,
607 885 728 968 sipost
750 883 908 948 Fannium
930 888 961 947 et
981 888 1055 946 ante
1077 883 1222 951 Clodium
1244 883 1326 950 Lici-

214 972 300 1036 nium
323 971 608 1058 Semproniumque
629 969 822 1036 Asellionem
844 967 1037 1050 nominatur,
1062 967 1200 1036 maxime
1219 975 1325 1038 autam

214 1054 242 1123 si
262 1057 377 1122 Fannii
398 1061 503 1122 aetate
524 1056 707 1121 coniunctus
730 1053 857 1130 dicitur,
888 1059 981 1118 natus
1003 1051 1108 1134 potius
1129 1073 1199 1123 esse
1220 1053 1327 1126 debuit

213 1142 295 1208 circa
316 1161 344 1205 a.
367 1162 395 1208 a.
418 1161 447 1206 u.
471 1162 495 1205 c.
518 1141 589 1206 580.
612 1141 671 1208 Oui
689 1140 816 1221 quidem
838 1137 1013 1203 sententiae
1035 1155 1138 1220 neque
1159 1146 1327 1224 praeterea

213 1225 386 1308 quidquam
408 1227 526 1302 obstat,
557 1232 588 1289 et
607 1225 700 1290 facile
726 1224 822 1290 etiam
842 1221 1032 1306 explicatur,
1058 1241 1113 1287 cur
1135 1243 1155 1286 a
1176 1221 1327 1292 Cicerone

214 1312 247 1376 in
269 1311 365 1376 Bruto
388 1331 441 1394 eo,
477 1330 539 1390 quo
557 1308 707 1391 vidimus,
739 1309 809 1375 loco
830 1309 1010 1374 nominatus
1040 1305 1088 1376 sit.
1129 1307 1255 1374 Scilicet
1273 1309 1327 1392 qui

214 1416 248 1462 re
269 1416 345 1460 vera
367 1396 435 1460 eius
456 1396 605 1476 aequales
628 1401 752 1474 essent,
781 1402 933 1472 tanquam
955 1396 1096 1457 oratores
1120 1393 1218 1461 multo
1238 1391 1325 1476 prius

214 1481 245 1546 in
268 1481 337 1545 foro
358 1480 556 1546 excellebant
577 1478 752 1559 laudesque
774 1478 936 1544 etiamtum
959 1477 1177 1545 adolescentes
1197 1477 1324 1562 sibipa·

212 1567 338 1651 rabant,
363 1564 489 1632 Coelius
508 1583 594 1649 vero,
614 1565 667 1646 qui
691 1583 804 1630 causas
824 1571 930 1627 orator
951 1583 1046 1628 nona
1071 1568 1145 1647 eret,
1167 1563 1225 1630 sed
1238 1559 1325 1630 cuius

213 1650 315 1734 gloria
344 1669 440 1734 opere
470 1649 689 1715 tantummodo
725 1648 765 1712 de
794 1647 924 1712 historia
951 1647 1026 1713 belli
1081 1647 1166 1714 unici
1195 1648 1326 1714 secundi

94 1745 102 1760 ·
215 1735 349 1819 scripto,
372 1735 458 1816 quod
480 1742 587 1799 tamen
608 1733 659 1799 vel
682 1730 764 1798 uitro
784 1733 852 1798 fieri
870 1732 1005 1797 debebat
1026 1739 1060 1795 ut
1080 1747 1144 1797 non
1164 1733 1246 1799 adeo
1268 1733 1324 1806 ad-

212 1821 354 1886 olescens
376 1819 472 1882 ——id
494 1819 580 1899 quod
601 1818 728 1885 omnino
749 1818 782 1882 in
803 1837 907 1882 rerum
930 1825 1091 1898 gestarum
1121 1817 1329 1903 scriptoribus

212 1906 330 1970 lactum
359 1924 429 1970 esse
458 1906 574 1970 scimus
603 1943 643 1956 -
674 1902 781 1990 ederet
810 1909 841 1966 et
869 1910 942 1986 post
967 1902 1002 1968 O.
1030 1901 1164 1967 Gracchi
1185 1903 1323 1970 mortem

213 1990 340 2055 demum
360 1989 478 2054 editum
496 1995 552 2072 est,
575 1989 741 2054 niteretur:
764 1988 815 2052 vel
836 1985 903 2051 iure
924 1986 969 2052 sic
991 1984 1154 2071 intereos,
1177 1989 1231 2070 qui
1247 1999 1324 2058 natu

215 2074 343 2155 quidem
366 2075 502 2141 minores
522 2082 635 2154 essent,
650 2072 715 2154 sed,
730 2073 876 2154 quamvis
888 2072 1033 2154 minores,
1056 2072 1168 2138 eodem
1182 2081 1324 2158 tempore

213 2159 359 2225 florerent
403 2166 611 2225 enumeratur.
665 2159 708 2222 Et
734 2157 794 2222 hoc
822 2156 948 2238 quidem
976 2157 1170 2240 Pomponius
1200 2177 1326 2242 quoquc

216 2208 383 2328 (digesti.
407 2243 453 2308 ut.
491 2245 506 2307 r
537 2243 577 2307 ue
597 2243 674 2326 orig.
694 2241 785 2326 rurs,
818 2242 914 2324 aaut
945 2241 1006 2306 aur
1035 2241 1174 2308 vorasse
1195 2243 1327 2330 aretur,

216 2348 287 2394 cum
310 2328 390 2394 haec
415 2327 545 2393 diceret:
574 2329 645 2412 „Ab
667 2327 716 2394 his
739 2327 817 2414 (scil.
842 2327 877 2395 P.
897 2326 1016 2403 Mucio,
1043 2327 1158 2428 Bruto,
1188 2329 1327 2408 Manilio,

217 2412 271 2494 qui
297 2414 510 2480 fundaverunt
539 2412 589 2477 ius
615 2412 718 2491 civile)
747 2411 878 2495 profecti
903 2419 975 2476 sunt
999 2413 1033 2478 P.
1056 2411 1192 2480 Rutilrus
1213 2415 1327 2498 Rufus,

217 2499 271 2580 qui
289 2500 414 2566 Romae
436 2497 546 2562 consul
567 2505 598 2562 et
618 2497 714 2563 Asiae
736 2498 905 2580 proconsul
926 2495 999 2579 suit,
1026 2497 1145 2563 Paulus
1166 2497 1326 2582 Virginius

218 2591 250 2650 et
269 2581 307 2662 Q.
328 2585 454 2650 Tubero
478 2582 531 2647 ille
550 2582 678 2665 stoicus,
702 2582 847 2647 Panaetii
869 2580 1010 2660 auditor,
1038 2581 1142 2663 quiet
1163 2583 1232 2670 ipse
1254 2605 1326 2652 ocn-

218 2669 274 2734 sul.
286 2671 309 2748 1)
354 2668 461 2734 Etiam
484 2667 559 2732 Sex.
580 2667 750 2750 Pompeius
771 2667 830 2732 fuit
851 2666 963 2733 eodem
985 2672 1127 2750 tempore
1150 2675 1181 2734 et
1202 2669 1327 2742 Coelius

216 2754 391 2837 Antipater,
414 2751 469 2834 qui
482 2752 628 2818 historias
642 2751 834 2835 conscripsit,
859 2751 914 2816 sed
930 2753 1002 2836 plus
1018 2753 1216 2835 eloquentiae
1229 2773 1325 2836 quam

217 2837 365 2904 scientiae
386 2837 463 2902 iuris
491 2857 620 2920 operam
650 2837 752 2922 dedit3
788 2835 883 2901 etiam
915 2837 949 2904 L.
973 2837 1123 2920 Crassus,
1159 2846 1191 2904 et
1212 2859 1240 2920 q.
1263 2841 1329 2924 s.;“

219 2943 281 3003 quo
302 2923 370 2989 sine
391 2921 485 2987 dubio
507 2922 603 2986 etiam
624 2923 754 3004 accedit,
774 2918 859 3002 quod
879 2921 949 2988 illos
968 2930 1119 3002 tanquam
1135 2923 1165 2987 in
1177 2923 1326 3009 iurispru-

218 3006 324 3074 dantia
345 3009 483 3091 potiores
506 3008 698 3092 anteposuit,
729 3007 888 3089 Occium,
919 3026 1012 3087 quem
1033 3007 1137 3074 minus
1157 3008 1190 3074 in
1211 3029 1250 3078 ea
1271 3029 1326 3075 va-

217 3092 314 3159 luisse
335 3099 503 3177 statueret,
535 3101 590 3158 aut
611 3094 651 3158 ob
673 3093 754 3158 hanc
780 3091 882 3176 ipsam
904 3112 1034 3158 causam
1055 3099 1128 3177 post
1147 3093 1233 3194 illos,
1262 3101 1326 3180 aut,

218 3180 304 3260 quod
326 3180 360 3244 L.
383 3178 490 3244 Orassi
520 3179 673 3261 magister
700 3177 827 3257 fuisset,
861 3197 933 3242 cum
962 3172 1022 3242 hoc
1052 3178 1143 3259 quasi
1171 3179 1327 3250 artrssimc

219 3261 416 3328 coniunctum
439 3262 622 3329 nominavit.
662 3265 792 3328 Praeter
813 3261 886 3340 hos,
916 3281 995 3344 quos
1018 3263 1121 3342 attuli,
1158 3264 1252 3332 etiam
1274 3286 1327 3352 ap.

216 3348 295 3414 Vell.
316 3347 385 3413 Pat.
406 3347 448 3432 11,
471 3349 499 3411 9.
522 3348 562 3412 de
583 3347 682 3415 Goelii
700 3355 805 3412 aetate
833 3347 921 3413 locus
949 3344 1078 3429 quidam
1106 3356 1226 3435 exstat,
1264 3368 1326 3432 quo

217 3441 341 3510 tamen,
374 3451 445 3498 curn
476 3431 611 3498 Sisenna
637 3432 857 3498 tantummodo
887 3433 1013 3500 Coelius
1043 3435 1195 3501 vetustior
1229 3433 1327 3504 fuisse

218 3517 340 3586 dicatur
347 3568 371 3666 ,d
371 3515 461 3667 dnihil
482 3517 557 3584 novi
579 3519 621 3582 ad
643 3537 696 3598 ea,
718 3535 801 3600 quae
818 3516 883 3582 iam
897 3518 930 3584 in
948 3518 1205 3588 antecedentibus
1228 3526 1327 3588 slatu-

215 3602 297 3670 imus
329 3625 349 3668 a
393 3603 463 3669 itur.
1094 3613 1097 3630 '

298 3655 329 3752 iu
352 3687 512 3754 caterona
533 3693 565 3754 et
585 3685 703 3753 ruera
723 3687 857 3754 narmi
886 3688 963 3755 roso
992 3707 1089 3774 supra
1116 3688 1221 3755 anas
1249 3688 1327 3758 saus

218 3779 365 3857 apparet,
390 3773 488 3840 (icelii
510 3792 605 3857 opus,
625 3781 661 3838 ut
681 3773 745 3838 iarn
766 3773 919 3859 diximus,
940 3783 1013 3858 post
1030 3775 1065 3843 O.
1087 3773 1223 3841 Gracchi
1244 3795 1326 3841 mor·

217 3863 298 3943 tem,
332 3856 400 3922 ic.
422 3865 495 3942 post
518 3878 545 3922 a.
568 3860 646 3944 633,
680 3860 808 3925 demum
835 3859 954 3927 editum
983 3880 1062 3928 esse.
1104 3857 1198 3938 Quod
1218 3865 1327 3932 minen

289 4055 309 4130 ¹)
327 4058 360 4112 ln
378 4059 432 4113 hoc
449 4061 554 4114 erravit
571 4061 750 4130 Pomponius.
768 4063 804 4118 cf.
822 4061 879 4120 cto.
894 4061 975 4118 Brut.
985 4061 1028 4132 31,
1046 4059 1104 4118 l'l'l.
1122 4059 1250 4119 Periclen.
1268 4065 1325 4120 sni·

220 4127 310 4184 mciv,
327 4127 391 4183 hirc
408 4143 432 4182 c.
449 4127 487 4183 11.
525 4125 619 4183 Groen
641 4149 666 4186 v.
685 4131 731 4188 Pr.
749 4149 796 4204 pg.
816 4128 840 4187 7.
