3024 4870
714 352 754 438 ra

261 533 402 604 Coeliani
424 538 527 622 operis
556 557 638 620 quae
659 541 819 624 inscriptio
841 537 941 622 inerit,
972 536 1169 603 nuncetiam
1196 541 1282 602 seito

178 624 328 701 cognosci
356 641 451 704 posse
486 644 549 692 non
571 627 679 706 cred03
733 628 841 708 itaque
867 623 1043 708 probabilia
1072 621 1290 688 tantummodo

176 723 366 787 componere
387 710 529 776 sufficiat.
553 711 763 794 „Annalium“
784 723 815 776 et
833 709 1074 793 „historiarum‘
1101 707 1285 784 vacculas)

175 791 254 856 satis
276 798 398 857 constat
410 794 634 876 posterioribus
654 797 849 878 antiquitatis
861 794 1054 877 temporibus
1067 792 1162 876 plane
1175 793 1287 858 eadem

174 875 402 958 significatione
423 888 575 962 usurpata
593 881 729 962 ideoque
751 880 937 964 saepissime
955 878 1037 944 inter
1052 895 1090 944 se
1109 895 1180 942 csse
1194 895 1285 942 ‚ccm-

177 967 315 1044 mutata3
338 964 412 1042 quin
431 963 507 1047 ipsis
529 965 688 1034 Ciceronis
710 967 903 1049 temporibus
927 983 966 1028 ca
987 962 1130 1028 conlusio
1153 961 1228 1026 iam
1243 964 1289 1028 iu·

177 1045 308 1115 venitur.
354 1053 396 1112 At
410 1057 523 1114 tamen
545 1052 585 1116 ab
606 1051 692 1117 initio
716 1052 834 1132 aliquid
853 1052 934 1114 inter
955 1055 1122 1128 utrumqne
1141 1047 1288 1112 intert'ue·

175 1132 215 1194 rit
236 1131 343 1210 utique
363 1143 496 1216 oportet,
515 1143 547 1200 ct
566 1136 624 1202 hoc
642 1138 768 1217 quidem
796 1137 837 1201 de
859 1154 931 1198 mea
953 1133 1108 1199 sententia
1136 1131 1284 1208 interluit,

175 1225 209 1290 ut
227 1219 358 1282 annales
379 1228 566 1285 vocarentur
587 1240 685 1304 opera
706 1242 752 1306 ea,
771 1222 883 1301 quibus
904 1219 1087 1302 simpliciter
1107 1235 1158 1282 res
1179 1224 1289 1300 gestae

174 1301 341 1366 observato
363 1305 514 1386 cuiusque
536 1308 610 1370 anni
630 1307 741 1372 ordine
761 1307 910 1389 deinceps
927 1310 1208 1388 componerentur,
1244 1302 1289 1366 ld·

182 1387 348 1451 stcriarum
378 1392 566 1456 vocabulum
588 1393 758 1474 pertineret
779 1393 821 1456 ad
849 1409 952 1458 rerum
974 1389 1218 1473 explicationem
1237 1388 1288 1452 uel

176 1469 486 1556 demonstrationem,
507 1494 571 1554 qua
592 1497 700 1542 earum
723 1497 824 1543 nexus
839 1483 870 1542 et
884 1483 1042 1541 causaest
1062 1493 1126 1555 quo
1144 1490 1289 1553 quasque

174 1557 305 1621 consilio
333 1576 459 1639 quaque
488 1561 610 1626 ratione
630 1571 723 1645 gesta
740 1569 862 1644 essent,
885 1567 1119 1644 exponerentur
1146 1559 1197 1644 (cf.
1219 1578 1285 1622 ma-

175 1641 260 1705 ximo
281 1641 360 1706 Gall.
382 1646 418 1727 V,
440 1646 502 1724 18).
546 1644 687 1721 Quorum
722 1647 848 1726 quidem
880 1647 1014 1709 alterum
1049 1663 1121 1707 cum
1150 1643 1288 1708 maxime

174 1728 260 1808 apud
279 1729 507 1795 vetustissimos
529 1730 600 1795 illos
630 1732 810 1814 historicos,
840 1730 893 1810 qui
921 1731 962 1794 ab
992 1727 1217 1808 antiquissimis
1247 1728 1290 1790 ad

174 1831 234 1874 sua
255 1820 399 1896 tempora
414 1814 575 1880 historiam
599 1816 755 1881 deducere
776 1818 921 1899 solerent,
945 1815 1064 1879 lactum
1087 1811 1286 1896 inveniretur,

175 1897 307 1962 alterum
351 1901 437 1982 apud
479 1901 667 1968 recentiores
689 1904 810 1986 potius,
855 1901 909 1981 qui
939 1902 1006 1965 t'ere
1043 1918 1094 1963 res
1129 1915 1187 1962 suo
1209 1904 1287 1962 tem-

176 2001 254 2065 pore
295 1991 402 2066 gestas
444 1986 670 2051 describerent:
715 1989 774 2052 hcc
823 2005 948 2067 quoque
997 1987 1078 2048 inter
1117 2002 1156 2046 ea
1195 2002 1289 2047 voca

182 2065 254 2132 bula
276 2068 442 2134 discrimen
468 2077 653 2155 statuerunt,
689 2113 732 2120 —
766 2091 859 2151 quam
874 2067 1201 2150 quidemsententiam
1214 2069 1290 2132 Ver-

176 2151 240 2216 rius
264 2153 398 2220 Flaccus
421 2174 470 2236 ap.
491 2155 570 2220 Geli.
594 2158 613 2220 l.
635 2157 654 2220 l.
677 2156 795 2222 rettulit
818 2195 859 2204 -
882 2164 916 2220 ut
938 2155 1070 2218 annmcs
1091 2153 1196 2217 dicere
1224 2156 1288 2216 ual-

176 2237 241 2300 lent
262 2259 365 2304 rarum
393 2251 466 2304 ante
491 2242 651 2324 scriptoris
680 2250 824 2326 tempora
853 2247 1014 2324 gestarum
1036 2239 1287 2321 descriptionem,

175 2321 322 2388 historias
343 2345 451 2390 earum
474 2345 553 2408 quas
574 2327 642 2410 ipse
664 2328 810 2410 vidisset;
835 2326 973 2405 itemque
1002 2324 1158 2408 „primum
1189 2343 1287 2388 anna-

178 2407 224 2472 les
246 2409 350 2493 tuisse,
374 2419 447 2493 post
469 2412 615 2478 historias
636 2414 736 2478 lactas
760 2414 848 2476 esse“
870 2413 960 2487 (Mar.
990 2410 1134 2474 Victoria.
1157 2409 1199 2472 ad
1221 2409 1284 2474 (lia

175 2493 253 2556 rhet.
285 2494 325 2557 de
358 2495 420 2559 inv.
454 2498 472 2559 l.
509 2499 546 2569 l.)
588 2498 790 2562 affirmarent.
814 2531 851 2544 —-
876 2497 945 2558 Iam
989 2493 1087 2559 (loelii
1130 2513 1210 2576 opus
1244 2495 1317 2558 ab·

176 2578 261 2642 omni
296 2587 387 2661 parte
420 2580 462 2642 ad
504 2581 562 2644 hoc
605 2582 854 2664 „historiarum“,
898 2580 983 2659 quod
1007 2579 1155 2654 dixerim,
1176 2598 1286 2661 *genes

173 2663 372 2728 referendum
396 2684 465 2728 esse
484 2671 515 2730 et
536 2666 608 2748 ipsa
623 2685 686 2746 qua
707 2689 757 2733 res
779 2673 886 2749 gestas
909 2672 1051 2728 narraret
1067 2663 1283 2728 ratione-dc

177 2766 241 2826 qua
262 2747 388 2826 quidem
418 2749 501 2814 inira
522 2752 647 2816 uberius
671 2754 760 2817 nobis
783 2752 1009 2834 exponendum
1026 2749 1085 2814 erit
1105 2789 1155 2832 -,
1186 2756 1220 2813 et
1238 2767 1288 2814 ar-

177 2832 320 2912 gumenti
341 2833 426 2912 quod
457 2837 655 2900 tractandum
685 2839 745 2902 sibi
775 2837 871 2918 elegit
899 2844 1013 2900 natura
1038 2873 1076 2884 -
1100 2845 1187 2913 (nam
1217 2835 1289 2898 licet

179 2915 340 2998 aliquanto
362 2924 435 3000 post
457 2919 573 2986 bellum
587 2921 741 2986 Punicum
763 2921 935 2986 secundum
955 2921 1080 2985 demum
1106 2921 1239 2998 viverat,
1255 2919 1289 2982 id

177 3001 218 3066 ab
241 3001 308 3066 eius
331 3003 524 3086 temporibhs
545 3024 609 3070 non
641 3006 721 3070 adeo
745 3013 899 3071 remotum
922 3005 995 3086 fuit,
1015 3005 1135 3086 etipse
1161 3006 1198 3067 in
1220 3005 1288 3068 boc

176 3087 315 3154 maxime
338 3109 358 3151 a
377 3090 589 3171 superioribus
611 3090 852 3173 distinguendus
875 3097 933 3172 est,
952 3089 1168 3171 quodprimus
1189 3089 1289 3155 omui

177 3191 229 3236 um
251 3181 370 3237 certum
394 3175 555 3254 quoddam
576 3177 727 3258 temporis
747 3176 898 3259 spatium,
922 3173 1156 3255 angustioribus
1175 3172 1289 3237 finibus

175 3257 330 3322 inclusum
350 3259 557 3342 desripscritll
587 3297 626 3308 -
662 3262 739 3325 satis
769 3266 878 3342 aperte
900 3259 1109 3324 confirmatur.
1152 3259 1288 3341 Pompo·

176 3342 247 3408 nius
269 3344 365 3426 igitur
387 3365 457 3410 curn
472 3346 574 3411 verbis
589 3345 645 3430 his,
670 3365 752 3427 quae
765 3345 827 3409 iam
842 3362 938 3428 supra
950 3345 1166 3410 laudavimus:
1190 3344 1289 3429 „Goe-

175 3427 236 3495 lius
259 3430 426 3514 Antipater
445 3431 498 3512 qui
520 3431 665 3496 historias
688 3430 900 3514 conscripsit“,
923 3431 1027 3513 ipsum
1047 3431 1150 3514 operis
1164 3431 1288 3496 titulum

173 3512 314 3580 indicare
337 3518 473 3583 voluisse
499 3517 679 3602 videatur,³)
701 3526 731 3582 et
747 3517 875 3593 Gellius,
890 3515 1014 3594 Festus,
1030 3515 1200 3599 Charisius,
1215 3516 1287 3580 Set·

184 3627 386 3640 --..-......—.

250 3698 269 3766 ¹)
288 3699 311 3751 E
347 3701 408 3772 egio
431 3709 540 3772 praeter
565 3710 669 3758 ceteros
694 3707 728 3758 de
750 3706 881 3758 hocloco
906 3706 1022 3771 egerunt
1040 3699 1178 3770 Niebuhr,
1202 3700 1291 3755 rhein.

178 3762 294 3844 Musfl.
334 3769 428 3849 ahrg3
449 3789 476 3841 g.
497 3773 544 3824 284
563 3791 622 3852 sqq.
647 3773 755 3852 Krause
772 3775 790 3827 l.
808 3774 826 3826 l.
843 3789 889 3852 pg.
913 3774 943 3822 lz
962 3787 1021 3840 sqq.
1057 3767 1151 3835 Ulrici,
1170 3767 1292 3824 Charak-

177 3835 289 3887 ‘terrstrk
305 3835 354 3888 der
372 3845 421 3890 ant
452 3857 486 3892 en
503 3840 751 3911 Historrographre,
768 3859 813 3911 pg.
833 3841 883 3894 302
900 3855 958 3907 sqq.
1274 3875 1285 3926 I

254 3923 274 3982 ²)
294 3917 338 3974 Of.
355 3921 489 3992 Niebuhr,
507 3923 600 3978 Vortr.
618 3926 687 3978 iiber
705 3928 771 3978 rhm.
790 3924 890 3978 Gesch.
911 3923 949 3990 II,
969 3940 1016 3993 pg.
1033 3922 1090 3975 306.

249 4006 270 4068 ³)
288 4006 400 4061 Scilicet
423 4025 456 4062 ea
475 4009 542 4062 mihi
563 4011 746 4064 videturesse
764 4010 819 4064 loci
836 4009 986 4078 sententia,
1018 4018 1122 4062 utnon
1137 4015 1194 4062 tam
1211 4007 1293 4061 intol-

183 4069 321 4141 legamus:
340 4076 475 4144 „Coelius
493 4094 575 4147 quem
593 4078 628 4131 cb
640 4077 706 4129 iuris
726 4078 868 4131 scientiam
889 4077 941 4131 hoc
966 4079 1026 4132 loco
1048 4093 1186 4145 enumero,
1210 4076 1293 4130 etiam

180 4137 326 4223 historicus
343 4145 422 4226 fuit‘,
441 4162 546 4270 ‘ffiami
564 4146 625 4216 „hic
643 4152 685 4200 est
702 4145 812 4228 {laelius
836 4146 883 4201 ille
901 4145 1126 4214 iurisconsultus,
1152 4145 1201 4217 qui
1220 4145 1293 4197 idem

179 4214 334 4272 notissimae
353 4214 416 4270 illas
434 4255 449 4287 „
481 4218 799 4290 stonas“conscr1ps1t“.
995 4253 997 4262 ,
